Company,Sector,Industry,Country,Exchange,Index,P/E,EPS (ttm),Insider Own,Shs Outstand,Perf Week,Market Cap,Forward P/E,EPS next Y,Insider Trans,Shs Float,Perf Month,Income,PEG,EPS next Q,Inst Own,Short Float,Perf Quarter,Sales,P/S,EPS this Y,Inst Trans,Short Ratio,Perf Half Y,Book/sh,P/B,EPS next Y Percentage,ROA,Short Interest,Perf Year,Cash/sh,P/C,EPS next 5Y,ROE,52W Range From,52W Range To,Perf YTD,Dividend Est.,P/FCF,EPS past 5Y,ROI,52W High,Beta,Dividend TTM,Quick Ratio,Sales past 5Y,Gross Margin,52W Low,ATR (14),Dividend Ex-Date,Current Ratio,EPS Y/Y TTM,Oper. Margin,RSI (14),Volatility W,Volatility M,Employees,Debt/Eq,Sales Y/Y TTM,Profit Margin,Recom,Target Price,Option/Short,LT Debt/Eq,EPS Q/Q,Payout,Rel Volume,Prev Close,Sales Surprise,EPS Surprise,Sales Q/Q,Earnings,Avg Volume,Price,SMA20,SMA50,SMA200,Trades,Volume,Change,Ticker,Insider Activity
"West Pharmaceutical Services, Inc",Healthcare,Medical Instruments & Supplies,USA,NYSE,S&P 500,33.05,6.37,0.64%,71.80M,0.72%,15.12B,29.58,7.11,0.00%,71.39M,-1.41%,467.20M,5.20,1.52,97.82%,3.15%,-5.44%,2.90B,5.22,-6.81%,-0.61%,2.53,-33.52%,37.37,5.63,13.09%,12.94%,2.25M,-36.54%,5.63,37.41,6.36%,17.42%,187.43,352.33,-35.75%,0.51 (0.24%),49.27,15.84%,15.74%,-40.27%,1.09,0.83 (0.39%),2.03,10.11%,34.66%,12.29%,6.43,"Jul 30, 2025",2.77,-16.35%,20.64%,47.61,1.71%,2.10%,10600,0.11,-1.14%,16.13%,1.44,274.50,Yes / Yes,0.11,-20.73%,12.27%,0.65,211.39,1.80%,18.13%,0.42%,Apr 24 BMO,887.88K,210.46,-0.65%,-1.60%,-24.72%,"

","582,574",-0.44%,WST,0.0
Cheniere Energy Inc,Energy,Oil & Gas Midstream,USA,NYSE,-,16.94,13.69,0.91%,222.80M,1.09%,51.41B,16.93,13.69,-1.58%,219.76M,-2.53%,3.10B,-,2.56,90.41%,1.79%,5.40%,16.88B,3.05,-18.85%,-0.82%,1.95,4.14%,25.05,9.25,18.82%,7.18%,3.94M,47.67%,12.93,17.93,-1.05%,63.13%,153.03,257.65,7.88%,2.10 (0.90%),16.24,41.41%,9.95%,-10.03%,0.42,1.94 (0.83%),1.06,23.61%,31.96%,51.48%,5.58,"May 09, 2025",1.19,-33.56%,29.26%,50.94,0.83%,1.06%,1714,4.71,-2.16%,18.38%,1.54,260.65,Yes / Yes,4.59,-26.26%,12.72%,1.02,233.62,9.96%,-42.81%,26.11%,May 08 BMO,2.02M,231.81,-0.59%,1.38%,9.79%,"

","2,069,421",-0.77%,LNG,-0.0158
Diageo plc ADR,Consumer Defensive,Beverages - Wineries & Distilleries,United Kingdom,NYSE,-,16.98,6.46,0.03%,555.57M,-3.77%,60.92B,16.23,6.76,0.00%,555.38M,-1.13%,3.60B,121.31,-,10.17%,0.14%,0.93%,20.22B,3.01,-10.26%,-7.44%,0.72,-8.69%,18.53,5.92,5.05%,7.68%,0.76M,-19.85%,3.59,30.52,0.14%,35.83%,100.72,142.73,-13.75%,4.12 (3.75%),22.37,0.50%,12.19%,-23.18%,0.58,4.14 (3.77%),0.67,4.66%,60.45%,8.87%,1.94,"Feb 28, 2025",1.60,-8.89%,28.74%,43.84,1.58%,1.27%,30092,2.11,-1.21%,17.79%,2.38,130.57,Yes / Yes,1.87,-11.77%,59.39%,0.67,108.08,1.43%,-7.99%,-0.64%,Feb 04 BMO,1.06M,109.65,-2.92%,-0.12%,-8.93%,"

","708,887",1.45%,DEO,0.0
Linde Plc,Basic Materials,Specialty Chemicals,United Kingdom,NASD,"NDX, S&P 500",33.68,13.78,0.75%,471.29M,1.88%,218.45B,25.90,17.92,-0.96%,467.21M,3.00%,6.61B,4.13,4.02,83.79%,1.16%,0.83%,33.02B,6.62,5.76%,-1.45%,2.35,2.04%,80.70,5.75,9.23%,8.11%,5.40M,6.55%,11.25,41.26,8.15%,17.20%,408.65,487.49,10.85%,6.00 (1.29%),44.48,26.58%,11.88%,-4.80%,0.98,5.67 (1.22%),0.80,3.36%,36.93%,13.56%,7.77,"Jun 04, 2025",0.94,6.75%,26.59%,57.58,1.29%,1.00%,65289,0.63,0.78%,20.02%,1.83,500.71,Yes / Yes,0.46,4.84%,40.83%,0.56,462.51,-1.56%,0.67%,0.15%,May 01 BMO,2.30M,464.08,1.89%,2.46%,1.96%,"

","1,306,844",0.34%,LIN,-0.0096
Ferrari N.V,Consumer Cyclical,Auto Manufacturers,Italy,NYSE,-,50.67,9.45,29.26%,178.20M,-3.45%,85.36B,41.64,11.50,0.00%,126.06M,3.52%,1.70B,3.91,2.64,39.02%,1.68%,4.02%,7.39B,11.56,14.49%,4.15%,4.50,9.46%,21.64,22.14,14.42%,16.94%,2.11M,15.10%,11.90,40.25,12.95%,45.95%,391.54,509.13,12.75%,3.33 (0.69%),45.94,17.04%,28.14%,-5.91%,1.11,3.41 (0.71%),1.67,12.01%,50.50%,22.34%,8.50,"Apr 23, 2025",2.11,20.74%,28.98%,52.37,2.15%,1.16%,5435,0.93,11.21%,22.99%,2.09,511.67,Yes / Yes,0.56,14.64%,35.27%,0.49,475.40,3.03%,3.87%,9.58%,May 06 BMO,469.24K,479.02,-0.97%,5.36%,5.08%,"

","231,196",0.76%,RACE,0.0
Lam Research Corp,Technology,Semiconductor Equipment & Materials,USA,NASD,"NDX, S&P 500",23.45,3.59,0.46%,1.28B,1.65%,107.65B,20.92,4.02,-1.84%,1.27B,18.70%,4.66B,1.49,1.19,83.86%,2.17%,10.49%,17.14B,6.28,32.40%,0.70%,2.23,15.86%,7.41,11.35,0.27%,24.36%,27.59M,-13.29%,4.26,19.75,15.70%,53.14%,56.32,113.00,16.52%,0.91 (1.08%),28.38,16.17%,35.18%,-25.52%,1.68,0.89 (1.06%),1.64,10.85%,48.05%,49.43%,2.65,"Jun 18, 2025",2.45,31.89%,30.88%,64.67,2.21%,2.51%,17450,0.47,20.33%,27.19%,1.55,90.65,Yes / Yes,0.39,40.66%,27.59%,0.66,84.00,1.67%,3.90%,24.43%,Apr 23 AMC,12.35M,84.16,4.75%,13.64%,9.23%,"

","8,239,828",0.19%,LRCX,-0.0184
Koninklijke Philips N.V. ADR,Healthcare,Medical Devices,Netherlands,NYSE,-,-,-0.82,0.10%,925.08M,-2.01%,21.24B,13.33,1.72,0.00%,924.11M,-8.27%,-759.02M,-,0.32,6.26%,0.40%,-11.79%,19.49B,1.09,7.40%,-5.53%,3.65,-13.00%,13.66,1.68,10.65%,-2.88%,3.72M,-14.90%,1.39,16.48,10.82%,-7.07%,21.48,32.91,-9.32%,0.96 (4.20%),15.67,-,-3.75%,-30.23%,0.75,0.89 (3.86%),0.79,-2.05%,43.13%,6.90%,0.55,"May 13, 2025",1.28,-55.03%,7.13%,40.45,1.91%,2.14%,67823,0.65,-0.76%,-3.89%,2.27,29.00,Yes / Yes,0.60,-,-,1.02,22.93,6.81%,38.07%,-3.99%,May 06 BMO,1.02M,22.96,-4.35%,-5.32%,-15.19%,"

","1,040,997",0.13%,PHG,0.0
"Teradyne, Inc",Technology,Semiconductor Equipment & Materials,USA,NASD,S&P 500,22.92,3.53,0.28%,160.67M,2.53%,12.99B,17.91,4.52,-4.46%,159.97M,8.13%,577.07M,1.14,0.54,98.89%,4.48%,-25.58%,2.90B,4.47,-0.68%,-2.48%,1.97,-25.16%,17.41,4.65,41.35%,16.22%,7.16M,-43.77%,3.17,25.58,20.11%,21.55%,65.77,163.21,-35.69%,0.50 (0.62%),21.35,4.98%,20.26%,-50.38%,1.70,0.48 (0.59%),1.61,5.98%,59.13%,23.13%,2.99,"May 22, 2025",2.70,28.34%,21.01%,52.93,3.72%,2.61%,6500,0.02,9.61%,19.87%,2.05,94.23,Yes / Yes,0.02,54.40%,14.45%,0.49,80.25,0.76%,21.20%,14.88%,Apr 28 AMC,3.63M,80.98,2.07%,2.97%,-26.37%,"

","1,803,188",0.91%,TER,-0.0446
GE HealthCare Technologies Inc,Healthcare,Medical Devices,USA,NASD,"NDX, S&P 500",15.04,4.76,0.31%,457.84M,2.80%,32.75B,15.56,4.60,-0.14%,456.47M,5.05%,2.18B,2.86,0.92,84.21%,1.49%,-19.99%,19.80B,1.65,-10.09%,-1.83%,1.37,-13.23%,20.07,3.56,13.86%,6.64%,6.81M,-10.42%,5.40,13.24,5.25%,26.32%,57.65,94.80,-8.51%,0.08 (0.12%),23.84,5.31%,13.43%,-24.55%,1.31,0.13 (0.18%),0.72,3.43%,41.57%,24.08%,2.23,"Apr 25, 2025",0.94,38.51%,14.88%,52.68,1.32%,2.48%,53000,1.00,1.55%,11.03%,1.62,86.65,Yes / Yes,0.77,50.81%,2.88%,0.56,71.15,2.52%,10.53%,2.73%,Apr 30 BMO,4.99M,71.53,0.92%,1.25%,-12.95%,"

","2,807,782",0.53%,GEHC,-0.0014000000000000002
"Nike, Inc",Consumer Cyclical,Footwear & Accessories,USA,NYSE,"DJIA, S&P 500",20.44,3.01,21.57%,1.18B,2.43%,90.69B,31.66,1.94,-0.10%,1.16B,6.78%,4.51B,-,0.12,68.26%,4.17%,-23.22%,47.91B,1.89,-45.98%,3.92%,2.42,-20.62%,9.48,6.48,-9.06%,12.00%,48.32M,-33.04%,7.04,8.73,-13.07%,31.93%,52.28,98.04,-18.81%,1.51 (2.46%),17.08,8.40%,18.45%,-37.33%,1.22,1.54 (2.51%),1.52,5.90%,43.38%,17.52%,2.02,"Jun 02, 2025",2.19,-12.85%,9.93%,52.13,3.09%,2.60%,79400,0.85,-7.11%,9.41%,2.27,73.05,Yes / Yes,0.74,-30.15%,38.91%,0.61,61.78,2.27%,79.58%,-9.20%,Mar 20 AMC,19.97M,61.44,1.57%,2.00%,-16.64%,"

","12,240,869",-0.55%,NKE,-0.001
Chipotle Mexican Grill,Consumer Cyclical,Restaurants,USA,NYSE,S&P 500,43.70,1.14,0.77%,1.35B,-2.09%,67.00B,34.62,1.44,-1.73%,1.34B,-1.82%,1.56B,2.90,0.33,89.18%,2.34%,-5.71%,11.49B,5.83,8.51%,0.67%,2.27,-19.80%,2.59,19.23,18.19%,17.89%,31.30M,-21.10%,1.05,47.36,15.07%,45.57%,44.46,69.26,-17.53%,-,45.05,35.11%,19.92%,-28.20%,1.06,-,1.48,15.32%,23.42%,11.85%,1.28,-,1.52,21.42%,17.66%,44.53,1.05%,1.73%,130504,1.33,12.57%,13.59%,1.69,58.57,Yes / Yes,1.25,9.23%,0.00%,0.57,50.07,-2.35%,4.69%,6.42%,Apr 23 AMC,13.79M,49.73,-2.47%,-0.60%,-10.48%,"

","7,993,804",-0.68%,CMG,-0.0173
"Cadence Design Systems, Inc",Technology,Software - Application,USA,NASD,"NDX, S&P 500",72.05,3.95,0.64%,273.04M,-10.41%,77.68B,36.63,7.77,-8.13%,271.30M,-5.86%,1.08B,5.06,1.58,88.59%,1.50%,14.46%,4.87B,15.94,13.38%,-0.43%,1.75,-8.78%,17.49,16.26,14.75%,14.68%,4.08M,-3.32%,10.17,27.97,14.23%,25.92%,221.56,328.99,-5.31%,-,56.36,1.80%,14.91%,-13.52%,0.98,-,2.90,14.74%,85.16%,28.41%,10.63,-,3.07,2.35%,30.60%,39.52,5.96%,2.86%,12700,0.52,19.55%,22.19%,1.67,326.64,Yes / Yes,0.52,10.44%,0.00%,2.77,288.61,0.20%,5.28%,23.12%,Apr 28 AMC,2.33M,284.50,-8.54%,0.89%,0.76%,"

","6,282,229",-1.42%,CDNS,-0.08130000000000001
Stryker Corp,Healthcare,Medical Devices,USA,NYSE,S&P 500,51.60,7.41,6.46%,382.10M,0.68%,146.12B,25.77,14.84,-1.61%,357.49M,3.08%,2.86B,4.76,3.07,80.47%,1.68%,-1.68%,23.22B,6.29,9.52%,0.98%,3.68,-0.65%,54.78,6.98,11.15%,6.69%,5.99M,13.95%,6.30,60.66,10.85%,14.26%,314.93,406.19,6.19%,3.21 (0.84%),40.85,7.20%,8.00%,-5.87%,0.92,3.28 (0.86%),1.00,8.96%,61.73%,21.41%,8.03,"Jun 30, 2025",1.64,-15.22%,22.19%,53.54,1.23%,1.15%,53000,0.83,10.76%,12.31%,1.76,431.00,Yes / Yes,0.71,-17.28%,41.74%,0.51,380.39,3.07%,4.63%,11.88%,May 01 AMC,1.63M,382.35,-0.33%,3.34%,3.13%,"

","840,283",0.52%,SYK,-0.0161
Bank Of America Corp,Financial,Banks - Diversified,USA,NYSE,S&P 500,13.21,3.35,0.20%,7.56B,2.29%,333.21B,10.41,4.25,0.00%,7.52B,10.63%,26.35B,0.91,0.90,74.87%,1.28%,0.27%,198.36B,1.68,13.76%,-1.39%,1.96,-5.87%,36.39,1.22,16.36%,0.84%,96.37M,11.44%,-,-,14.52%,9.46%,33.06,48.08,0.66%,1.08 (2.45%),9.17,3.14%,4.46%,-7.99%,1.31,1.02 (2.31%),-,13.55%,-,33.80%,1.02,"Jun 06, 2025",0.96,16.15%,15.34%,63.34,1.25%,1.46%,213000,2.47,8.23%,13.28%,1.42,49.28,Yes / Yes,1.00,17.61%,31.12%,0.57,44.06,1.45%,10.20%,-1.16%,Apr 15 BMO,49.23M,44.24,2.80%,8.46%,3.74%,"

","28,553,008",0.41%,BAC,0.0
Autodesk Inc,Technology,Software - Application,USA,NASD,"NDX, S&P 500",63.69,4.66,0.27%,213.94M,1.39%,63.54B,26.81,11.08,-0.70%,213.37M,8.84%,1.01B,4.41,2.45,90.86%,1.46%,5.19%,6.33B,10.03,13.77%,-1.50%,1.89,-7.55%,12.25,24.25,14.98%,9.91%,3.12M,38.21%,9.54,31.15,14.44%,42.36%,195.32,326.62,0.48%,-,38.84,39.67%,21.07%,-9.07%,1.46,-,0.68,13.44%,89.70%,52.06%,6.47,"Mar 22, 2005",0.65,1.23%,22.50%,63.46,1.07%,1.10%,15300,0.97,13.03%,15.98%,1.73,339.00,Yes / Yes,0.84,-39.72%,0.00%,0.75,299.23,1.64%,6.65%,15.65%,May 22 AMC,1.66M,297.00,1.99%,8.27%,5.46%,"

","1,250,690",-0.75%,ADSK,-0.006999999999999999
Alphabet Inc,Communication Services,Internet Content & Information,USA,NASD,"NDX, S&P 500",19.17,8.97,52.17%,5.83B,1.96%,2091.53B,16.92,10.16,-0.01%,5.80B,7.31%,111.00B,1.48,2.16,38.29%,1.28%,1.99%,359.31B,5.82,18.97%,-3.14%,1.87,4.31%,28.41,6.05,6.19%,25.15%,74.30M,-1.79%,7.83,21.94,12.91%,34.79%,140.53,207.05,-9.21%,0.52 (0.30%),27.93,26.76%,30.02%,-17.00%,1.01,0.80 (0.47%),1.77,17.30%,58.54%,22.29%,5.27,"Jun 09, 2025",1.77,37.73%,32.60%,60.79,1.72%,2.45%,183323,0.08,13.02%,30.89%,1.42,199.56,Yes / Yes,0.07,48.77%,7.46%,0.73,172.36,1.15%,38.81%,11.81%,Apr 24 AMC,39.76M,171.86,4.79%,7.53%,0.42%,"

","29,373,804",-0.29%,GOOGL,-0.0001
A.O. Smith Corp,Industrials,Specialty Industrial Machinery,USA,NYSE,S&P 500,18.10,3.58,19.59%,118.45M,-3.56%,9.20B,15.47,4.19,-0.02%,114.27M,-3.42%,522.60M,2.97,0.98,80.42%,4.45%,-1.84%,3.80B,2.42,1.30%,0.64%,3.33,-11.86%,12.85,5.04,10.77%,16.20%,5.09M,-23.65%,1.41,45.95,6.10%,27.97%,58.83,92.44,-5.10%,1.35 (2.09%),22.62,10.33%,24.42%,-29.98%,1.21,1.34 (2.07%),1.01,5.36%,38.00%,10.03%,1.74,"Apr 30, 2025",1.61,-7.12%,18.56%,41.92,3.87%,2.20%,12700,0.16,-1.60%,13.74%,2.50,74.80,Yes / Yes,0.15,-4.96%,35.83%,1.33,64.23,1.21%,4.26%,-1.52%,Apr 29 BMO,1.53M,64.73,-5.01%,-2.05%,-10.56%,"

","2,027,659",0.78%,AOS,-0.0002
Ansys Inc,Technology,Software - Application,USA,NASD,"NDX, S&P 500",48.80,6.74,0.37%,87.91M,-4.16%,28.90B,25.38,12.95,-0.12%,87.59M,2.79%,592.78M,6.98,2.61,90.94%,1.95%,-0.49%,2.58B,11.19,6.46%,-0.64%,2.64,-6.07%,70.29,4.68,11.52%,7.84%,1.71M,-0.72%,20.80,15.81,6.99%,10.23%,275.06,363.03,-2.55%,-,33.34,4.51%,8.45%,-9.45%,1.19,-,3.66,10.93%,88.11%,19.52%,8.58,-,3.66,35.52%,30.07%,46.54,3.03%,1.87%,6500,0.14,15.98%,22.95%,3.15,346.00,Yes / Yes,0.14,48.54%,0.00%,2.30,329.93,-3.91%,-4.93%,8.21%,Apr 30 AMC,646.28K,328.74,-2.54%,2.24%,-0.26%,"

","1,455,541",-0.36%,ANSS,-0.0012
Otis Worldwide Corp,Industrials,Specialty Industrial Machinery,USA,NYSE,S&P 500,24.96,3.81,0.14%,395.50M,-2.53%,37.56B,21.19,4.49,-19.90%,394.14M,0.27%,1.53B,2.67,1.02,92.60%,1.54%,-2.99%,14.17B,2.65,5.13%,-2.03%,2.05,-5.97%,-12.97,-,11.52%,14.64%,6.07M,-2.47%,4.89,19.47,9.33%,-,89.70,106.83,2.75%,1.66 (1.75%),25.85,9.56%,72.61%,-10.92%,0.98,1.59 (1.67%),0.87,1.85%,30.22%,6.09%,1.64,"May 16, 2025",0.94,9.98%,13.76%,42.16,1.03%,0.94%,72000,-,-0.88%,10.83%,2.82,99.42,Yes / Yes,-,-29.61%,37.12%,0.71,95.16,-0.79%,2.66%,-2.53%,Apr 23 BMO,2.96M,95.16,-2.02%,-2.69%,-2.73%,"

","2,121,617",0.00%,OTIS,-0.19899999999999998
Colgate-Palmolive Co,Consumer Defensive,Household & Personal Products,USA,NYSE,S&P 500,26.13,3.53,0.16%,810.42M,0.69%,74.80B,23.52,3.92,-0.78%,809.14M,-0.03%,2.90B,4.77,0.90,85.50%,1.50%,2.33%,19.95B,3.75,1.59%,0.19%,2.15,-2.76%,0.45,206.06,7.28%,17.44%,12.13M,-1.07%,1.62,57.06,5.48%,977.07%,85.32,109.30,1.53%,2.08 (2.25%),21.58,5.01%,41.78%,-15.55%,0.38,2.02 (2.19%),0.54,5.09%,60.73%,8.18%,1.75,"Apr 17, 2025",0.85,12.12%,22.30%,53.80,1.11%,1.05%,34000,22.78,0.98%,14.52%,2.13,100.00,Yes / Yes,18.10,2.37%,56.42%,0.83,91.76,0.92%,6.32%,-3.04%,Apr 25 BMO,5.65M,92.30,1.69%,0.50%,-2.36%,"

","4,718,649",0.59%,CL,-0.0078000000000000005
Corteva Inc,Basic Materials,Agricultural Inputs,USA,NYSE,S&P 500,42.50,1.64,0.19%,683.03M,1.09%,47.55B,19.85,3.51,-9.03%,680.88M,12.80%,1.14B,2.65,1.85,86.32%,1.09%,10.97%,16.83B,2.83,16.15%,-2.99%,2.07,13.85%,35.56,1.96,17.64%,2.66%,7.42M,25.58%,3.37,20.71,16.03%,4.66%,50.01,70.71,22.38%,0.71 (1.01%),22.62,-,4.37%,-1.41%,0.74,0.67 (0.96%),1.00,4.23%,40.88%,39.39%,1.29,"Jun 02, 2025",1.44,108.45%,13.46%,71.24,1.20%,1.61%,22000,0.17,-0.01%,6.77%,1.69,72.76,Yes / Yes,0.07,59.28%,50.64%,0.88,70.32,-2.70%,29.25%,-1.67%,May 07 AMC,3.58M,69.71,3.89%,10.27%,15.73%,"

","3,173,078",-0.87%,CTVA,-0.09029999999999999
Roper Technologies Inc,Technology,Software - Application,USA,NASD,"NDX, S&P 500",40.70,13.86,0.37%,107.52M,-1.49%,60.67B,26.07,21.64,-2.31%,107.11M,1.46%,1.50B,4.40,4.83,94.78%,1.63%,-1.44%,7.24B,8.38,8.98%,-0.98%,2.82,0.74%,178.80,3.16,8.46%,4.88%,1.74M,3.60%,3.47,162.74,9.26%,8.09%,499.47,595.17,8.54%,2.74 (0.48%),26.10,-3.13%,5.83%,-5.19%,1.03,3.15 (0.56%),0.43,6.02%,68.92%,12.97%,10.20,"Apr 04, 2025",0.46,1.98%,28.19%,46.47,0.96%,0.98%,18200,0.39,13.34%,20.69%,2.05,646.85,Yes / Yes,0.34,-13.56%,21.44%,1.27,569.13,0.06%,0.93%,12.02%,Apr 28 BMO,617.98K,564.27,-1.31%,-0.50%,1.52%,"

","782,005",-0.85%,ROP,-0.0231
Emerson Electric Co,Industrials,Specialty Industrial Machinery,USA,NYSE,S&P 500,28.62,4.19,0.30%,562.50M,3.25%,67.45B,18.57,6.46,-2.81%,560.84M,14.11%,2.40B,3.42,1.50,82.46%,2.15%,-0.07%,17.60B,3.83,8.86%,0.47%,3.63,-7.80%,34.22,3.50,8.04%,4.46%,12.08M,5.73%,3.35,35.75,8.38%,9.82%,90.06,134.85,-3.24%,2.13 (1.77%),24.42,-1.60%,8.58%,-11.07%,1.27,2.11 (1.76%),0.59,0.18%,47.13%,33.16%,3.06,"May 16, 2025",0.80,24.14%,18.29%,63.03,1.38%,1.79%,73000,0.78,6.49%,13.61%,1.77,135.84,Yes / Yes,0.45,-1.71%,61.25%,0.59,119.74,1.02%,4.80%,1.23%,May 07 BMO,3.33M,119.92,3.48%,9.71%,3.93%,"

","1,990,244",0.15%,EMR,-0.0281
"Costar Group, Inc",Real Estate,Real Estate Services,USA,NASD,"NDX, S&P 500",257.72,0.29,1.42%,423.16M,0.15%,31.25B,55.07,1.35,-0.14%,415.88M,-10.44%,117.20M,7.51,0.14,102.63%,4.14%,-0.39%,2.81B,11.11,0.37%,6.30%,4.93,-7.19%,20.22,3.66,66.70%,1.20%,17.23M,-13.80%,9.63,7.69,34.30%,1.47%,68.26,83.68,3.46%,-,140.89,-16.93%,1.22%,-11.48%,0.88,-,6.01,14.38%,77.53%,8.52%,1.89,-,6.01,-60.22%,-0.21%,42.38,0.59%,1.54%,6593,0.13,11.27%,4.17%,1.81,87.33,Yes / Yes,0.13,-319.51%,0.00%,0.61,74.24,2.15%,17.61%,11.55%,Apr 29 AMC,3.49M,74.07,-1.87%,-4.51%,-2.76%,"

","2,135,685",-0.23%,CSGP,-0.0014000000000000002
Hubbell Inc,Industrials,Electrical Equipment & Parts,USA,NYSE,S&P 500,26.85,14.79,0.42%,53.37M,3.94%,21.19B,20.79,19.09,-3.79%,53.15M,10.42%,798.20M,4.16,4.45,94.18%,4.96%,7.49%,5.59B,3.79,5.14%,-1.24%,3.70,-13.86%,61.11,6.50,9.58%,11.58%,2.64M,-3.89%,6.75,58.80,6.45%,25.78%,299.42,481.35,-5.24%,5.31 (1.34%),27.50,14.51%,18.05%,-17.54%,0.99,5.18 (1.30%),0.73,5.09%,34.21%,32.57%,10.30,"May 30, 2025",1.17,10.22%,19.97%,65.48,1.24%,2.31%,17700,0.62,1.97%,14.27%,2.33,421.40,Yes / Yes,0.36,15.27%,34.64%,0.74,395.22,-1.34%,-5.35%,-2.42%,May 01 BMO,712.49K,396.94,5.47%,11.59%,-1.17%,"

","528,875",0.44%,HUBB,-0.0379
Baidu Inc ADR,Communication Services,Internet Content & Information,China,NASD,-,8.37,10.09,0.01%,279.90M,-1.28%,23.62B,8.05,10.48,0.00%,279.88M,-5.67%,3.52B,3.80,2.22,27.48%,3.01%,-4.38%,18.57B,1.27,-11.39%,4.43%,1.80,5.05%,107.68,0.78,10.87%,5.87%,8.44M,-15.85%,69.96,1.21,2.20%,9.85%,74.71,116.25,0.09%,-,-,61.95%,7.30%,-27.41%,0.33,-,2.29,4.04%,49.06%,12.96%,2.76,-,2.29,32.92%,15.14%,42.28,0.98%,2.29%,41300,0.38,-1.33%,18.97%,1.84,101.69,Yes / Yes,0.30,42.66%,0.00%,0.69,83.19,4.68%,29.07%,1.73%,May 21 BMO,4.68M,84.39,-3.96%,-4.31%,-5.36%,"

","3,245,785",1.44%,BIDU,0.0
Chemed Corp,Healthcare,Medical Care Facilities,USA,NYSE,-,27.92,20.53,1.87%,14.57M,0.34%,8.39B,20.82,27.53,-3.08%,14.36M,-0.31%,308.74M,3.69,6.04,95.11%,2.39%,-2.21%,2.49B,3.37,9.30%,-1.20%,2.58,0.39%,81.09,7.07,8.90%,17.88%,0.34M,3.21%,11.89,48.23,7.56%,26.11%,512.12,623.60,8.19%,2.05 (0.36%),26.62,8.37%,24.05%,-8.08%,0.54,2.00 (0.35%),1.70,4.68%,32.28%,11.92%,12.46,"May 29, 2025",1.73,10.36%,15.63%,49.49,1.54%,1.35%,15695,0.12,8.52%,12.40%,1.25,677.33,Yes / Yes,0.09,14.66%,9.05%,0.46,573.01,0.80%,1.50%,9.79%,Apr 23 AMC,133.21K,573.19,0.27%,-1.74%,0.42%,"

","62,410",0.03%,CHE,-0.0308
Wheaton Precious Metals Corp,Basic Materials,Gold,Canada,NYSE,-,63.16,1.36,0.12%,453.81M,0.93%,39.06B,38.14,2.26,0.00%,453.29M,5.17%,619.08M,3.31,0.52,65.71%,0.85%,26.48%,1.46B,26.78,55.15%,-3.55%,1.87,34.87%,16.45,5.23,3.14%,8.30%,3.87M,52.56%,2.39,35.98,19.11%,8.51%,51.96,87.42,53.02%,0.67 (0.78%),43.37,43.30%,8.28%,-1.56%,0.45,0.64 (0.74%),11.38,9.47%,65.06%,65.63%,2.49,"May 28, 2025",11.38,4.73%,59.81%,59.14,1.55%,2.96%,44,0.00,32.76%,42.45%,1.33,94.68,Yes / Yes,0.00,54.56%,53.17%,0.47,86.17,9.66%,6.94%,58.49%,May 08 AMC,2.07M,86.06,4.12%,7.24%,28.17%,"

","976,324",-0.13%,WPM,0.0
Arm Holdings plc. ADR,Technology,Semiconductors,United Kingdom,NASD,NDX,171.92,0.75,0.45%,1.06B,-1.80%,135.40B,53.84,2.38,0.00%,1.05B,14.73%,792.00M,7.85,0.35,6.79%,1.60%,-1.72%,4.01B,33.79,9.42%,17.69%,3.06,-5.80%,6.47,19.80,33.41%,9.40%,16.87M,11.74%,2.67,47.93,21.90%,13.05%,80.00,188.75,3.84%,-,760.68,18.47%,11.07%,-32.13%,4.15,-,5.20,19.27%,94.70%,60.13%,6.30,-,5.20,156.53%,20.74%,54.25,4.57%,3.60%,8330,0.05,23.94%,19.77%,1.92,139.94,Yes / Yes,0.05,-6.10%,0.00%,1.36,135.54,0.54%,4.86%,33.73%,May 07 AMC,5.51M,128.10,0.82%,11.38%,-4.25%,"

","7,438,789",-5.49%,ARM,0.0
Boeing Co,Industrials,Aerospace & Defense,USA,NYSE,"DJIA, S&P 500",-,-17.94,0.14%,753.37M,2.45%,156.97B,54.15,3.84,-3.14%,752.93M,14.38%,-11655.00M,-,-0.79,74.01%,2.39%,19.76%,69.44B,2.26,94.12%,-9.30%,1.91,39.45%,-4.42,-,420.76%,-7.91%,17.98M,19.29%,31.40,6.63,-,-,128.88,209.66,17.62%,0.04 (0.02%),-,-74.80%,-27.51%,-0.71%,1.43,-,0.37,-1.54%,-2.03%,61.53%,5.42,"Feb 13, 2020",1.23,-406.76%,-14.63%,71.60,1.83%,1.37%,172000,-,-9.15%,-16.78%,1.88,210.88,Yes / Yes,-,70.82%,-,1.75,201.50,0.71%,58.18%,17.67%,Apr 23 BMO,9.44M,208.18,5.03%,16.20%,24.13%,"

","16,345,993",3.32%,BA,-0.031400000000000004
GE Aerospace,Industrials,Aerospace & Defense,USA,NYSE,S&P 500,38.07,6.41,0.27%,1.07B,4.55%,260.37B,37.64,6.49,-1.08%,1.06B,21.78%,6.97B,2.14,1.41,79.57%,1.32%,21.21%,39.68B,6.56,20.90%,-1.07%,2.28,34.78%,18.05,13.52,16.63%,4.79%,14.02M,45.92%,12.57,19.42,17.76%,28.09%,150.20,246.00,46.39%,1.39 (0.57%),59.07,94.19%,18.55%,-0.75%,1.39,1.20 (0.49%),0.77,-14.75%,38.18%,62.56%,5.46,"Mar 10, 2025",1.08,109.75%,18.60%,79.54,1.59%,1.19%,53000,1.08,-42.92%,17.57%,1.55,232.06,Yes / Yes,0.95,31.58%,18.74%,0.83,243.67,-0.55%,16.96%,-38.11%,Apr 22 BMO,6.15M,244.16,8.76%,18.75%,29.32%,"

","5,245,302",0.20%,GE,-0.0108
Amphenol Corp,Technology,Electronic Components,USA,NYSE,S&P 500,43.09,2.06,0.59%,1.21B,3.77%,107.56B,30.33,2.93,-32.96%,1.20B,15.96%,2.61B,2.22,0.66,97.15%,1.30%,35.84%,16.78B,6.41,40.81%,0.72%,1.84,19.69%,8.52,10.44,10.16%,13.19%,15.63M,30.53%,1.38,64.34,19.45%,27.53%,54.77,88.78,28.03%,0.67 (0.75%),48.38,15.39%,15.27%,0.16%,1.12,0.60 (0.68%),1.36,13.56%,33.94%,62.35%,2.06,"Jun 17, 2025",1.99,27.09%,21.86%,77.22,1.50%,1.42%,125000,0.70,30.70%,15.58%,1.75,91.19,Yes / Yes,0.66,33.37%,28.67%,0.91,88.13,11.99%,20.37%,47.74%,Apr 23 BMO,8.52M,88.92,5.56%,19.93%,27.60%,"

","7,740,552",0.90%,APH,-0.3296
Intuitive Surgical Inc,Healthcare,Medical Instruments & Supplies,USA,NASD,"NDX, S&P 500",81.52,6.82,0.60%,358.40M,1.59%,199.19B,61.45,9.04,-3.79%,356.28M,7.94%,2.48B,6.26,1.93,86.00%,1.36%,-1.42%,8.71B,22.86,6.25%,-1.52%,2.17,1.44%,47.73,11.64,15.97%,14.13%,4.84M,37.27%,12.59,44.15,13.03%,15.94%,396.15,616.00,6.47%,-,114.13,10.77%,14.47%,-9.78%,1.68,-,3.97,13.81%,67.08%,40.29%,13.25,-,4.98,23.13%,28.20%,60.52,1.04%,1.38%,15638,0.00,19.08%,28.41%,1.97,579.83,Yes / Yes,0.00,26.73%,0.00%,0.51,552.41,3.09%,4.09%,19.19%,Apr 22 AMC,2.23M,555.75,1.59%,7.82%,6.16%,"

","1,139,292",0.60%,ISRG,-0.0379
Bio-Rad Laboratories Inc,Healthcare,Medical Devices,USA,NYSE,-,-,-76.20,32.15%,22.56M,-0.16%,6.21B,23.00,9.90,-0.03%,18.46M,-6.07%,-2164.11M,-,1.79,73.94%,7.14%,-14.31%,2.54B,2.44,-15.17%,3.70%,3.56,-31.63%,241.72,0.94,13.16%,-19.55%,1.32M,-20.75%,60.92,3.74,3.60%,-27.51%,215.38,387.99,-30.71%,-,17.46,-,-27.03%,-41.34%,0.94,-,4.43,2.44%,54.20%,5.68%,9.44,-,5.99,-637.11%,13.24%,42.21,1.94%,3.39%,7700,0.21,-2.46%,-85.16%,1.78,317.83,Yes / Yes,0.20,-82.98%,-,0.71,229.15,2.12%,40.31%,-4.16%,May 01 AMC,370.53K,227.61,-4.39%,-5.64%,-25.39%,"

","263,243",-0.67%,BIO,-0.0003
Masco Corp,Industrials,Building Products & Equipment,USA,NYSE,S&P 500,17.34,3.66,0.36%,210.90M,0.70%,13.38B,15.69,4.04,-5.60%,210.18M,4.95%,793.00M,3.88,1.08,95.78%,2.83%,-15.07%,7.70B,1.74,-13.74%,-1.37%,2.40,-19.69%,-1.20,-,14.35%,15.19%,5.94M,-8.18%,1.79,35.50,4.47%,-,56.55,86.70,-12.57%,1.21 (1.90%),15.88,11.37%,27.17%,-26.82%,1.20,1.20 (1.89%),1.09,3.47%,36.23%,12.20%,1.93,"May 23, 2025",1.75,-10.72%,17.29%,48.47,2.08%,3.08%,18000,-,-2.67%,10.29%,2.38,68.47,Yes / Yes,-,-9.84%,31.44%,0.71,62.59,-2.01%,-4.90%,-6.49%,Apr 23 BMO,2.47M,63.45,-0.67%,-1.30%,-15.21%,"

","1,754,479",1.37%,MAS,-0.055999999999999994
"Equifax, Inc",Industrials,Consulting Services,USA,NYSE,S&P 500,53.72,4.90,0.59%,124.20M,1.75%,32.67B,28.20,9.33,-8.64%,123.46M,1.70%,612.30M,2.91,1.90,99.99%,2.62%,8.42%,5.73B,5.70,4.21%,1.84%,2.95,3.73%,40.11,6.56,22.80%,5.08%,3.23M,9.60%,1.57,167.37,18.44%,12.83%,199.98,309.63,3.22%,1.84 (0.70%),40.39,-,6.58%,-15.04%,1.63,1.67 (0.63%),0.85,10.34%,43.70%,31.54%,8.17,"May 23, 2025",0.85,9.05%,19.23%,51.79,1.23%,2.02%,14700,1.00,7.12%,10.68%,1.72,284.95,Yes / Yes,0.87,6.31%,32.25%,0.47,262.14,1.82%,8.87%,3.79%,Apr 22 BMO,1.10M,263.05,-1.79%,5.70%,-0.57%,"

","524,928",0.35%,EFX,-0.0864
Wells Fargo & Co,Financial,Banks - Diversified,USA,NYSE,S&P 500,13.39,5.57,0.17%,3.26B,1.80%,242.47B,11.23,6.63,0.00%,3.25B,4.80%,18.91B,1.08,1.40,78.10%,1.31%,-2.75%,124.35B,1.95,8.38%,-1.39%,2.31,-1.91%,49.82,1.50,13.97%,1.02%,42.64M,23.75%,-,-,12.38%,11.05%,50.15,81.50,6.08%,1.69 (2.27%),9.56,5.77%,5.44%,-8.58%,1.15,1.60 (2.15%),-,6.19%,-,48.57%,1.74,"May 09, 2025",0.48,16.51%,19.20%,56.97,1.12%,1.43%,217000,1.75,3.51%,15.21%,1.74,78.54,Yes / Yes,0.92,16.00%,27.96%,0.75,73.73,-2.76%,13.41%,-6.03%,Apr 11 BMO,18.48M,74.51,0.42%,5.53%,8.89%,"

","14,022,053",1.06%,WFC,0.0
"Expeditors International Of Washington, Inc",Industrials,Integrated Freight & Logistics,USA,NYSE,S&P 500,18.81,6.02,0.75%,136.73M,-0.18%,15.51B,20.76,5.46,-1.37%,135.92M,4.53%,844.72M,15.94,1.23,98.82%,4.17%,-3.23%,11.06B,1.40,-6.71%,0.57%,3.53,-6.64%,16.72,6.78,2.26%,18.27%,5.67M,-3.98%,9.63,11.76,1.18%,37.70%,100.47,131.59,2.26%,1.68 (1.48%),20.26,11.02%,30.55%,-13.92%,1.07,1.46 (1.29%),1.69,12.28%,14.93%,12.74%,2.85,"Jun 02, 2025",1.69,27.40%,9.78%,50.79,1.67%,2.38%,18400,0.26,24.07%,7.64%,3.81,107.38,Yes / Yes,0.21,25.43%,25.54%,0.98,112.13,4.46%,7.26%,20.83%,May 06 BMO,1.60M,113.27,0.23%,0.69%,-3.23%,"

","1,565,536",1.02%,EXPD,-0.0137
Moody's Corp,Financial,Financial Data & Stock Exchanges,USA,NYSE,S&P 500,41.61,11.58,0.11%,179.94M,1.87%,86.65B,31.27,15.40,-7.40%,179.70M,7.75%,2.11B,3.60,3.29,93.58%,1.70%,-2.27%,7.23B,11.99,9.26%,0.60%,3.47,0.20%,20.56,23.42,13.04%,13.99%,3.05M,17.30%,12.23,39.37,11.56%,57.90%,378.71,531.93,1.75%,3.53 (0.73%),34.71,8.70%,19.62%,-9.45%,1.39,3.58 (0.74%),1.52,8.59%,66.61%,27.18%,10.17,"May 16, 2025",1.52,26.38%,42.25%,57.93,1.39%,1.48%,15838,1.93,15.95%,29.14%,2.21,504.67,Yes / Yes,1.90,9.94%,30.18%,0.48,478.51,2.58%,8.14%,7.73%,Apr 22 BMO,878.84K,481.64,1.23%,5.66%,1.61%,"

","422,584",0.65%,MCO,-0.07400000000000001
General Dynamics Corp,Industrials,Aerospace & Defense,USA,NYSE,S&P 500,19.10,14.41,0.70%,268.40M,-0.90%,73.86B,16.47,16.71,-3.37%,266.52M,1.15%,3.98B,1.93,3.45,86.65%,0.90%,9.37%,49.21B,1.50,9.65%,-1.79%,1.59,-2.35%,82.81,3.32,11.80%,7.11%,2.41M,-8.15%,4.63,59.47,9.88%,18.23%,239.20,316.90,4.44%,5.85 (2.13%),22.09,2.61%,12.80%,-13.16%,0.46,5.76 (2.09%),0.82,4.08%,15.43%,15.05%,5.26,"Apr 11, 2025",1.34,17.65%,10.22%,51.14,1.59%,1.15%,117000,0.52,14.11%,8.08%,2.43,291.67,Yes / Yes,0.40,26.81%,41.67%,0.65,273.64,2.02%,4.73%,13.90%,Apr 23 BMO,1.51M,275.20,0.07%,1.29%,-1.08%,"

","992,226",0.57%,GD,-0.0337
Waste Connections Inc,Industrials,Waste Management,Canada,NYSE,-,80.03,2.43,0.26%,258.32M,-0.79%,50.23B,32.86,5.92,-4.67%,257.71M,-0.58%,629.03M,6.88,1.25,91.16%,0.58%,4.33%,9.08B,5.53,8.58%,-0.84%,1.22,2.38%,31.02,6.27,13.75%,3.20%,1.49M,17.48%,0.43,451.57,11.63%,7.96%,160.34,201.66,13.29%,1.28 (0.66%),43.38,2.13%,3.77%,-3.61%,0.61,1.23 (0.63%),0.70,10.74%,28.90%,21.24%,3.38,"May 07, 2025",0.70,-21.00%,12.51%,50.65,0.72%,1.36%,23854,1.09,10.75%,6.93%,1.65,213.94,Yes / Yes,1.08,4.81%,49.01%,0.57,195.48,0.38%,4.50%,7.50%,Apr 23 AMC,1.22M,194.39,0.09%,0.29%,4.80%,"

","704,651",-0.56%,WCN,-0.0467
Campbells Co,Consumer Defensive,Packaged Foods,USA,NASD,S&P 500,19.68,1.74,34.12%,298.00M,-0.18%,10.19B,11.28,3.03,-0.00%,196.45M,-5.19%,521.00M,12.38,0.65,58.40%,9.44%,-14.25%,10.12B,1.01,-3.33%,-0.48%,5.28,-24.55%,13.12,2.60,1.70%,3.72%,18.54M,-24.64%,2.78,12.29,1.59%,13.43%,32.95,52.81,-18.41%,1.51 (4.43%),13.18,15.98%,4.88%,-35.29%,0.11,1.52 (4.45%),0.55,3.60%,30.45%,3.70%,0.86,"Jul 03, 2025",0.93,-31.94%,13.65%,40.64,2.10%,1.68%,14400,2.06,9.15%,5.15%,2.96,39.06,Yes / Yes,1.73,-14.77%,78.31%,1.29,33.79,-1.86%,2.25%,9.32%,Jun 02 BMO,3.51M,34.17,-2.41%,-7.23%,-19.56%,"

","4,498,296",1.12%,CPB,-0.0
Waters Corp,Healthcare,Diagnostics & Research,USA,NYSE,S&P 500,32.22,11.03,0.21%,59.50M,2.29%,21.14B,25.02,14.20,0.00%,59.38M,4.25%,657.02M,3.25,2.93,98.30%,2.81%,-4.76%,2.98B,7.09,8.98%,1.07%,3.02,-4.87%,32.98,10.77,9.85%,14.44%,1.67M,5.60%,6.43,55.22,9.90%,40.82%,279.24,423.56,-4.23%,-,34.14,4.28%,19.49%,-16.12%,1.12,-,1.28,4.46%,57.70%,27.24%,11.77,"Nov 26, 1996",1.81,8.31%,28.57%,52.85,2.01%,2.58%,7600,0.78,2.57%,22.02%,2.42,394.11,Yes / Yes,0.72,18.21%,0.00%,0.62,354.59,1.05%,1.24%,3.90%,May 06 BMO,551.57K,355.30,1.03%,2.50%,-1.96%,"

","341,682",0.20%,WAT,0.0
Intercontinental Hotels Group ADR,Consumer Cyclical,Lodging,United Kingdom,NYSE,-,30.60,3.84,0.00%,157.56M,-0.24%,18.20B,21.04,5.58,-,155.07M,9.73%,625.17M,2.35,1.58,8.86%,0.80%,-7.39%,4.90B,3.72,14.61%,-0.21%,4.78,-4.91%,-14.67,-,12.57%,13.08%,1.25M,14.80%,6.55,17.93,13.02%,-,91.57,137.25,-6.06%,1.89 (1.61%),26.30,13.11%,65.67%,-14.50%,1.36,1.68 (1.43%),0.96,6.47%,21.66%,28.16%,2.33,"Apr 04, 2025",0.97,-11.99%,21.66%,53.70,1.40%,1.68%,12587,-,6.34%,12.77%,2.94,122.83,No / Yes,-,-1.27%,42.25%,0.66,117.18,-0.94%,-0.96%,8.23%,Feb 18 BMO,261.24K,117.35,-0.68%,5.80%,1.00%,"

","172,565",0.15%,IHG,
Royal Bank Of Canada,Financial,Banks - Diversified,Canada,NYSE,-,13.88,9.01,0.02%,1.41B,-0.65%,176.57B,12.15,10.29,0.00%,1.41B,4.25%,12.75B,2.48,2.37,49.82%,1.35%,8.50%,96.80B,1.82,11.57%,-0.08%,13.97,-0.06%,62.68,1.99,7.28%,0.84%,19.01M,18.71%,-,-,5.60%,14.17%,102.44,129.46,3.73%,4.37 (3.50%),-,4.62%,9.27%,-3.45%,0.88,4.15 (3.32%),-,16.78%,-,22.02%,1.95,"Jul 24, 2025",0.63,12.26%,15.77%,57.10,1.97%,1.03%,94838,2.48,2.76%,13.18%,1.20,129.75,Yes / Yes,0.43,5.24%,49.70%,1.57,128.94,0.25%,-0.83%,-6.65%,May 29 BMO,1.36M,125.00,0.98%,5.54%,4.06%,"

","2,218,112",-3.06%,RY,0.0
Fastenal Co,Industrials,Industrial Distribution,USA,NASD,"NDX, S&P 500",41.10,1.00,0.20%,1.15B,1.15%,47.27B,34.26,1.20,-6.72%,1.14B,2.64%,1.15B,4.78,0.28,85.27%,2.48%,11.22%,7.61B,6.21,9.32%,-,3.88,-0.82%,3.22,12.81,10.01%,24.49%,28.41M,24.81%,0.20,203.91,8.59%,32.35%,30.68,42.44,14.59%,0.86 (2.08%),54.42,7.79%,28.72%,-2.92%,0.97,0.82 (2.00%),2.14,7.28%,42.81%,34.29%,0.90,"Apr 25, 2025",4.28,-0.76%,19.89%,56.33,1.42%,1.57%,23702,0.13,3.08%,15.13%,3.06,39.61,Yes / Yes,0.09,0.23%,77.86%,0.45,41.47,0.44%,0.04%,3.39%,Apr 11 BMO,7.32M,41.20,1.50%,3.82%,8.64%,"

","3,328,692",-0.65%,FAST,-0.0672
RTX Corp,Industrials,Aerospace & Defense,USA,NYSE,S&P 500,39.53,3.41,0.12%,1.34B,-0.11%,180.09B,20.08,6.71,-11.66%,1.33B,7.21%,4.60B,4.19,1.45,82.46%,0.88%,3.28%,81.74B,2.20,4.43%,0.45%,2.13,11.62%,46.05,2.93,12.20%,2.83%,11.76M,26.85%,3.86,34.92,9.44%,7.54%,99.07,138.82,16.49%,2.63 (1.95%),33.04,-11.13%,4.54%,-2.90%,0.61,2.57 (1.91%),0.75,12.50%,19.53%,36.06%,3.11,"May 23, 2025",1.01,34.14%,8.81%,58.01,1.49%,1.31%,186000,0.70,15.11%,5.63%,1.74,139.05,Yes / Yes,0.65,-11.15%,69.80%,0.65,132.85,2.48%,8.70%,5.19%,Apr 22 BMO,5.53M,134.80,2.13%,4.02%,8.74%,"

","3,635,315",1.47%,RTX,-0.1166
Cboe Global Markets Inc,Financial,Financial Data & Stock Exchanges,USA,CBOE,S&P 500,29.79,7.63,0.45%,104.74M,-0.43%,23.80B,22.80,9.96,-5.33%,104.24M,4.69%,802.10M,3.97,2.42,91.96%,3.01%,9.25%,4.33B,5.49,9.82%,2.36%,3.15,6.56%,42.51,5.35,5.38%,9.54%,3.13M,24.46%,10.75,21.15,7.51%,18.93%,166.13,236.02,16.29%,2.62 (1.15%),22.78,16.69%,13.30%,-3.72%,0.42,2.52 (1.11%),1.60,11.28%,46.38%,36.78%,5.52,"May 30, 2025",1.60,1.97%,28.89%,54.42,1.58%,1.94%,1685,0.36,15.76%,18.51%,2.95,224.44,Yes / Yes,0.35,20.87%,32.72%,0.57,225.99,1.15%,5.72%,24.84%,May 02 BMO,993.68K,227.24,0.44%,3.15%,8.32%,"

","572,468",0.55%,CBOE,-0.0533
Altria Group Inc,Consumer Defensive,Tobacco,USA,NYSE,S&P 500,9.95,5.97,0.16%,1.69B,0.05%,100.19B,10.74,5.54,0.00%,1.68B,1.21%,10.18B,2.76,1.38,62.95%,2.42%,7.99%,20.25B,4.95,5.27%,2.55%,3.95,4.85%,-2.08,-,2.72%,28.20%,40.67M,30.75%,2.81,21.20,3.61%,-,43.83,61.26,13.75%,4.17 (7.01%),11.86,-,51.13%,-2.91%,0.64,4.04 (6.79%),0.47,0.68%,70.81%,35.71%,0.96,"Jun 16, 2025",0.57,25.20%,57.96%,54.82,0.45%,1.42%,6200,-,-1.03%,50.30%,2.88,58.10,Yes / Yes,-,-47.50%,61.16%,0.51,59.48,-2.09%,3.63%,-4.20%,Apr 29 BMO,10.30M,59.48,0.55%,2.06%,9.14%,"

","5,322,182",0.00%,MO,0.0
Yum China Holdings Inc,Consumer Cyclical,Restaurants,China,NYSE,-,18.75,2.39,3.57%,375.00M,4.65%,16.71B,15.51,2.89,-0.34%,360.00M,-4.09%,916.00M,1.66,0.58,89.55%,2.14%,-10.82%,11.33B,1.48,8.61%,4.59%,2.47,-4.89%,15.42,2.90,13.60%,8.22%,7.70M,25.27%,5.34,8.39,11.30%,15.73%,28.50,53.99,-7.06%,0.87 (1.94%),21.52,4.31%,12.04%,-17.08%,0.28,0.80 (1.79%),1.11,5.64%,16.94%,57.09%,1.29,"May 28, 2025",1.26,19.36%,11.95%,50.80,1.20%,2.02%,350000,0.41,2.79%,8.09%,1.28,57.09,Yes / Yes,0.32,8.47%,27.40%,0.95,43.48,-3.58%,-1.91%,0.78%,Apr 30 BMO,3.12M,44.77,1.50%,-3.58%,-0.47%,"

","2,965,086",2.97%,YUMC,-0.0034000000000000002
Philip Morris International Inc,Consumer Defensive,Tobacco,USA,NYSE,S&P 500,36.55,4.87,0.18%,1.56B,1.85%,276.86B,21.50,8.27,-5.64%,1.55B,4.47%,7.57B,3.25,1.86,81.39%,0.86%,15.49%,38.18B,7.25,13.64%,0.07%,2.09,36.83%,-7.00,-,10.83%,11.62%,13.41M,77.99%,2.88,61.85,11.26%,-,98.93,179.83,47.79%,5.54 (3.12%),27.16,-0.38%,27.17%,-1.09%,0.53,5.35 (3.01%),0.43,4.97%,63.08%,79.79%,3.22,"Mar 20, 2025",0.79,-4.85%,36.80%,66.36,0.99%,1.33%,83100,-,6.83%,19.84%,2.00,182.64,Yes / Yes,-,25.05%,117.24%,0.89,178.79,1.71%,4.85%,5.53%,Apr 23 BMO,6.40M,177.87,3.15%,8.39%,28.61%,"

","5,727,518",-0.51%,PM,-0.0564
Novartis AG ADR,Healthcare,Drug Manufacturers - General,Switzerland,NYSE,-,17.62,6.39,0.00%,1.96B,-0.18%,213.63B,12.48,9.02,-,1.90B,-0.77%,12.86B,2.55,2.31,7.34%,0.18%,3.36%,51.72B,4.13,11.01%,1.01%,1.48,7.96%,19.58,5.75,4.02%,13.24%,3.35M,11.99%,3.79,29.69,6.90%,32.95%,96.06,120.92,15.69%,3.99 (3.54%),12.13,13.99%,20.88%,-6.90%,0.58,3.87 (3.44%),0.61,1.74%,74.46%,17.20%,1.95,"Mar 12, 2025",0.79,-13.28%,31.63%,55.32,0.82%,1.55%,75883,0.81,6.30%,24.86%,3.04,121.99,Yes / Yes,0.61,39.37%,55.39%,0.49,111.87,1.15%,7.86%,11.87%,Apr 29 BMO,2.26M,112.58,1.55%,2.08%,3.27%,"

","1,111,535",0.63%,NVS,
American Express Co,Financial,Credit Services,USA,NYSE,"DJIA, S&P 500",20.63,14.32,0.16%,701.00M,3.28%,206.94B,16.98,17.40,-13.10%,699.45M,10.62%,10.14B,1.64,3.86,86.39%,1.45%,0.40%,75.33B,2.75,8.43%,0.03%,2.92,-1.96%,44.51,6.64,14.53%,3.70%,10.11M,24.02%,74.95,3.94,12.60%,34.02%,220.43,326.27,-0.48%,3.28 (1.11%),18.29,11.90%,12.30%,-9.47%,1.25,2.92 (0.99%),7.33,10.84%,60.89%,34.00%,7.02,"Apr 04, 2025",7.33,17.89%,20.12%,60.74,1.60%,1.81%,75100,1.69,8.45%,13.46%,2.41,294.46,Yes / Yes,1.64,9.14%,19.97%,0.68,293.36,0.14%,4.82%,6.39%,Apr 17 BMO,3.47M,295.38,2.20%,8.69%,5.08%,"

","2,362,494",0.69%,AXP,-0.131
Apple Inc,Technology,Consumer Electronics,USA,NASD,"DJIA, NDX, S&P 500",31.20,6.41,0.10%,14.94B,-1.06%,2986.42B,25.62,7.80,-1.92%,14.92B,-5.33%,97.29B,3.86,1.42,63.82%,0.70%,-15.74%,400.37B,7.46,6.35%,-1.30%,1.69,-13.02%,4.47,44.72,8.71%,29.10%,105.17M,5.25%,3.25,61.58,8.08%,138.02%,169.21,260.10,-20.15%,1.04 (0.52%),30.32,15.41%,66.93%,-23.13%,1.21,1.01 (0.51%),0.78,9.18%,46.63%,18.17%,5.97,"May 12, 2025",0.82,-0.36%,31.81%,44.50,2.28%,2.12%,164000,1.47,4.91%,24.30%,2.04,230.13,Yes / Yes,1.18,7.68%,16.11%,0.82,200.42,0.86%,1.39%,5.08%,May 01 AMC,62.06M,199.95,-2.03%,-2.79%,-11.42%,"

","51,477,936",-0.23%,AAPL,-0.0192
Yum Brands Inc,Consumer Cyclical,Restaurants,USA,NYSE,S&P 500,28.72,5.02,0.15%,278.00M,-1.63%,40.04B,21.43,6.72,-19.66%,277.54M,-2.47%,1.43B,2.50,1.46,84.62%,1.58%,-6.29%,7.74B,5.17,12.11%,-2.07%,1.95,6.48%,-28.07,-,11.21%,22.12%,4.37M,4.64%,2.69,53.53,11.49%,-,122.13,163.30,7.36%,2.84 (1.97%),27.59,4.75%,32.45%,-11.79%,0.73,2.76 (1.92%),1.40,6.30%,46.80%,17.94%,2.65,"May 27, 2025",1.40,-11.50%,31.12%,41.80,0.69%,0.93%,40000,-,10.09%,18.42%,2.63,160.43,Yes / Yes,-,-18.28%,51.40%,0.82,143.15,-3.55%,0.94%,11.83%,Apr 30 BMO,2.25M,144.04,-1.92%,-3.31%,2.68%,"

","1,841,961",0.62%,YUM,-0.1966
CME Group Inc,Financial,Financial Data & Stock Exchanges,USA,NASD,S&P 500,28.74,9.95,0.31%,359.65M,1.47%,103.02B,24.64,11.60,-6.41%,359.23M,4.96%,3.58B,4.35,2.94,90.96%,1.32%,14.42%,6.28B,16.39,8.63%,1.36%,1.78,27.91%,75.16,3.80,4.11%,2.50%,4.74M,36.32%,4.23,67.53,6.61%,13.40%,186.08,287.05,23.10%,11.17 (3.91%),26.93,10.36%,11.64%,-0.41%,0.46,4.62 (1.61%),1.02,4.83%,82.68%,53.63%,4.91,"Jun 09, 2025",1.02,13.31%,64.92%,65.18,0.37%,1.49%,3760,0.14,11.72%,56.99%,2.55,272.94,Yes / Yes,0.14,11.70%,107.52%,0.55,285.98,-0.15%,-0.13%,10.38%,Apr 23 BMO,2.67M,285.87,2.29%,6.07%,20.13%,"

","1,486,176",-0.04%,CME,-0.0641
"O'Reilly Automotive, Inc",Consumer Cyclical,Auto Parts,USA,NASD,"NDX, S&P 500",33.14,40.80,0.83%,57.11M,-1.34%,77.05B,27.35,49.43,-6.13%,56.52M,-3.37%,2.38B,3.18,11.76,86.68%,1.55%,-0.10%,16.87B,4.57,8.05%,-1.46%,2.02,10.16%,-23.77,-,12.50%,16.12%,0.88M,36.99%,3.36,402.89,10.43%,-,947.49,1458.37,14.02%,-,37.78,17.85%,37.62%,-7.29%,0.59,-,0.10,10.54%,51.23%,42.70%,27.82,-,0.71,3.28%,19.21%,45.31,0.69%,1.11%,93047,-,4.90%,14.10%,1.63,1507.14,Yes / Yes,-,1.53%,0.00%,0.60,1357.56,-0.85%,-5.14%,4.04%,Apr 23 AMC,435.17K,1352.06,-1.25%,-1.78%,7.47%,"

","300,209",-0.41%,ORLY,-0.0613
James Hardie Industries plc ADR,Basic Materials,Building Materials,Ireland,NYSE,-,23.55,0.98,-,429.82M,-3.60%,9.89B,13.36,1.72,-,429.40M,-2.99%,423.12M,2.22,0.37,8.49%,5.57%,-26.86%,3.87B,2.55,0.36%,3.63%,9.01,-35.47%,5.03,4.58,15.16%,8.34%,23.90M,-26.34%,1.82,12.66,10.63%,21.05%,19.72,43.57,-25.32%,-,27.53,12.44%,12.68%,-47.19%,1.73,-,1.67,8.59%,38.81%,16.68%,0.91,"May 26, 2022",2.10,-15.58%,18.63%,42.44,3.77%,2.40%,-,0.56,-1.59%,10.92%,2.00,28.79,Yes / Yes,0.54,-21.74%,0.00%,2.50,22.07,-1.44%,0.22%,-3.02%,May 19 AMC,2.65M,23.01,-5.02%,-3.57%,-27.26%,"

","6,486,803",4.26%,JHX,
Veeva Systems Inc,Healthcare,Health Information Services,USA,NYSE,-,59.16,4.72,8.63%,162.95M,18.74%,45.47B,33.68,8.29,-0.06%,148.89M,20.46%,780.66M,4.26,1.89,83.21%,2.95%,26.27%,2.86B,15.92,15.31%,2.07%,3.07,28.84%,35.87,7.78,8.87%,11.19%,4.39M,36.86%,37.24,7.49,13.89%,14.07%,170.25,258.93,32.72%,-,42.51,17.84%,12.44%,7.77%,0.99,-,4.51,20.27%,75.40%,63.90%,9.33,-,4.60,39.33%,26.97%,76.58,8.92%,4.11%,7291,0.01,14.78%,27.34%,2.06,288.78,Yes / Yes,0.01,39.31%,0.00%,4.53,234.49,4.21%,13.02%,16.71%,May 28 AMC,1.43M,279.04,16.36%,20.70%,25.45%,"

","6,131,275",19.00%,VEEV,-0.0006
"Republic Services, Inc",Industrials,Waste Management,USA,NYSE,S&P 500,38.36,6.63,35.34%,312.00M,0.89%,79.51B,33.31,7.64,-0.01%,202.05M,2.72%,2.08B,3.92,1.76,59.84%,1.19%,9.35%,16.18B,4.91,6.63%,0.08%,1.72,17.37%,37.38,6.81,10.88%,6.46%,2.40M,36.20%,0.27,957.97,9.79%,18.54%,180.91,255.54,26.47%,2.37 (0.93%),33.83,14.26%,8.43%,-0.43%,0.64,2.27 (0.89%),0.64,9.47%,30.77%,40.64%,4.15,"Jul 02, 2025",0.66,16.45%,20.34%,62.25,0.54%,1.14%,42000,1.16,6.13%,12.88%,2.04,264.89,Yes / Yes,1.12,9.93%,34.36%,0.60,254.08,-0.90%,3.24%,3.81%,Apr 24 AMC,1.39M,254.44,2.11%,4.27%,15.88%,"

","840,271",0.14%,RSG,-0.0001
Cintas Corporation,Industrials,Specialty Business Services,USA,NASD,"NDX, S&P 500",52.15,4.31,15.00%,403.67M,1.67%,90.75B,46.38,4.85,-0.02%,343.23M,7.40%,1.77B,4.33,1.07,65.16%,1.43%,10.51%,10.14B,8.95,15.87%,0.78%,2.62,1.35%,11.38,19.76,10.42%,19.06%,4.90M,31.66%,0.60,372.80,12.04%,40.15%,164.93,228.12,23.02%,1.36 (0.60%),49.67,13.70%,26.12%,-1.48%,1.06,1.17 (0.52%),0.89,6.94%,48.26%,36.27%,3.85,"May 15, 2025",1.11,25.15%,22.77%,67.68,0.88%,0.83%,46500,0.59,7.79%,17.47%,2.71,215.36,Yes / Yes,0.48,17.32%,35.65%,0.52,225.08,0.46%,5.68%,8.44%,Mar 26 BMO,1.87M,224.75,3.01%,7.56%,9.46%,"

","974,193",-0.15%,CTAS,-0.0002
"Royal Gold, Inc",Basic Materials,Gold,USA,NASD,-,29.63,6.05,0.38%,65.74M,-0.17%,11.81B,22.15,8.10,-2.92%,65.56M,-0.54%,398.36M,2.17,1.60,88.63%,2.68%,23.69%,763.93M,15.46,33.96%,1.44%,3.02,20.41%,48.73,3.68,14.94%,11.77%,1.76M,39.60%,3.66,49.04,13.68%,13.03%,119.72,191.78,36.06%,1.78 (0.99%),32.10,28.65%,12.44%,-6.45%,0.45,1.70 (0.95%),4.52,9.59%,67.82%,49.85%,4.72,"Jul 03, 2025",4.74,78.69%,62.50%,54.55,1.36%,2.53%,30,0.00,30.76%,52.15%,1.77,203.42,Yes / Yes,0.00,140.43%,31.20%,0.57,178.48,6.19%,5.90%,29.91%,May 07 AMC,583.19K,179.40,1.51%,3.86%,19.13%,"

","334,502",0.52%,RGLD,-0.0292
KLA Corp,Technology,Semiconductor Equipment & Materials,USA,NASD,"NDX, S&P 500",28.13,27.52,0.16%,132.24M,-0.64%,102.35B,23.30,33.22,-8.17%,132.03M,12.50%,3.70B,1.70,8.53,87.75%,2.48%,10.70%,11.54B,8.87,36.46%,-1.32%,2.69,21.02%,30.28,25.56,2.55%,24.52%,3.27M,-0.65%,30.46,25.41,16.51%,104.10%,551.33,896.32,22.83%,6.77 (0.87%),29.15,22.04%,36.77%,-13.65%,1.40,6.75 (0.87%),1.68,17.33%,61.12%,40.38%,26.11,"May 19, 2025",2.49,44.14%,42.01%,57.95,2.65%,2.80%,15230,1.52,20.44%,32.02%,2.00,797.17,Yes / Yes,1.51,84.40%,27.86%,0.76,777.50,1.78%,3.99%,29.93%,Apr 30 AMC,1.22M,773.97,3.02%,9.99%,8.71%,"

","932,526",-0.45%,KLAC,-0.0817
"Manhattan Associates, Inc",Technology,Software - Application,USA,NASD,-,53.85,3.51,1.43%,60.71M,0.49%,11.47B,37.77,5.00,-0.79%,59.84M,7.17%,217.15M,5.49,1.13,99.62%,4.08%,7.81%,1.05B,10.92,-2.55%,-3.51%,3.06,-32.64%,4.04,46.79,8.73%,31.40%,2.44M,-17.20%,3.39,55.71,9.81%,89.60%,140.81,312.60,-30.10%,-,37.20,21.66%,74.34%,-39.57%,1.08,-,1.10,11.39%,55.01%,34.15%,5.17,-,1.10,14.35%,25.71%,55.80,2.09%,1.89%,4690,0.19,9.18%,20.67%,2.00,200.67,Yes / Yes,0.19,-0.73%,0.00%,0.94,188.28,2.45%,15.93%,3.24%,Apr 22 AMC,797.48K,188.89,0.18%,7.24%,-20.00%,"

","750,005",0.32%,MANH,-0.0079
Astrazeneca plc ADR,Healthcare,Drug Manufacturers - General,United Kingdom,NASD,NDX,28.47,2.49,0.01%,3.10B,1.71%,219.79B,13.93,5.09,0.00%,3.10B,-1.17%,7.77B,2.54,1.10,16.54%,0.24%,-6.32%,54.98B,4.00,9.83%,0.57%,1.29,7.98%,13.23,5.36,12.82%,7.45%,7.34M,-9.77%,1.74,40.74,11.19%,19.81%,61.24,87.68,8.17%,1.61 (2.28%),19.16,34.63%,11.28%,-19.17%,0.38,1.55 (2.19%),0.70,17.77%,72.58%,15.73%,1.39,"Feb 21, 2025",0.90,22.70%,20.63%,55.04,0.77%,1.75%,94300,0.77,15.48%,14.14%,1.35,92.23,Yes / Yes,0.68,33.73%,66.98%,0.60,70.38,-1.60%,11.52%,7.17%,Apr 29 BMO,5.71M,70.87,1.84%,1.19%,-2.47%,"

","3,460,905",0.70%,AZN,0.0
Arista Networks Inc,Technology,Computer Hardware,USA,NYSE,S&P 500,36.54,2.36,17.91%,1.26B,-6.56%,108.47B,28.86,2.99,-0.55%,1.03B,6.99%,3.03B,2.22,0.65,69.01%,2.36%,-5.68%,7.44B,14.59,12.57%,-0.18%,2.18,-15.01%,8.05,10.73,17.10%,24.16%,24.33M,12.70%,6.49,13.31,16.47%,33.68%,59.43,133.57,-21.86%,-,28.66,27.37%,29.93%,-35.34%,1.37,-,3.31,25.04%,64.09%,45.33%,3.68,-,3.93,30.81%,42.27%,45.60,3.82%,3.44%,4412,0.00,22.31%,40.72%,1.46,109.15,Yes / Yes,0.00,27.65%,0.00%,1.62,92.79,1.90%,10.23%,27.58%,May 06 AMC,11.17M,86.37,-6.16%,4.65%,-9.80%,"

","17,927,416",-6.92%,ANET,-0.0055000000000000005
Kenvue Inc,Consumer Defensive,Household & Personal Products,USA,NYSE,S&P 500,43.00,0.55,0.07%,1.92B,-1.75%,45.27B,19.28,1.22,-1.26%,1.92B,0.86%,1.06B,9.31,0.28,100.53%,2.57%,1.90%,15.30B,2.96,0.02%,-1.32%,2.83,-2.08%,5.24,4.50,7.25%,3.94%,49.27M,21.86%,0.55,42.83,4.62%,10.22%,17.67,25.17,10.44%,0.82 (3.47%),31.35,-6.66%,6.42%,-6.32%,0.91,0.82 (3.48%),0.60,1.56%,58.18%,33.45%,0.56,"May 14, 2025",0.86,-29.18%,17.10%,49.78,1.18%,1.72%,22000,0.88,-1.18%,6.90%,2.52,24.93,Yes / Yes,0.64,8.50%,150.50%,1.13,23.55,1.73%,5.49%,-3.93%,May 08 BMO,17.41M,23.58,-0.95%,1.11%,4.36%,"

","19,711,480",0.13%,KVUE,-0.0126
"Copart, Inc",Industrials,Specialty Business Services,USA,NASD,"NDX, S&P 500",33.89,1.52,8.54%,966.09M,-15.83%,49.68B,29.82,1.72,-0.82%,883.57M,-15.02%,1.48B,2.84,0.36,84.87%,2.23%,-6.90%,4.59B,10.82,11.19%,2.05%,3.51,-17.99%,8.59,5.98,10.78%,16.72%,19.70M,-4.81%,4.54,11.33,11.92%,18.54%,48.05,64.38,-10.40%,-,42.05,17.85%,16.68%,-20.13%,1.10,-,7.91,16.03%,44.00%,7.01%,1.59,-,7.98,5.94%,35.80%,22.79,5.41%,2.89%,11700,0.01,10.21%,32.21%,2.23,61.83,Yes / Yes,0.01,7.28%,0.00%,1.37,52.05,-1.39%,0.79%,7.49%,May 22 AMC,5.61M,51.42,-14.20%,-12.21%,-8.64%,"

","7,665,478",-1.21%,CPRT,-0.008199999999999999
"Microchip Technology, Inc",Technology,Semiconductors,USA,NASD,"NDX, S&P 500",-,-0.01,2.13%,538.70M,-1.92%,31.34B,22.93,2.53,-0.05%,527.89M,26.55%,-2.70M,-,0.22,97.24%,5.79%,1.73%,4.40B,7.12,4.76%,1.15%,2.53,-12.87%,13.14,4.42,84.65%,-0.00%,30.54M,-40.84%,1.43,40.62,34.94%,-0.01%,34.12,98.10,1.33%,1.84 (3.17%),40.60,-,-0.02%,-40.76%,1.47,1.82 (3.13%),1.47,1.10%,44.50%,70.29%,2.66,"May 22, 2025",2.59,-100.12%,8.53%,59.50,3.42%,3.93%,19400,0.82,-42.35%,-0.06%,1.62,63.90,Yes / Yes,0.81,-202.57%,48.34%,0.54,57.46,0.82%,5.06%,-26.80%,May 08 AMC,12.07M,58.11,4.09%,18.15%,-6.94%,"

","6,574,856",1.13%,MCHP,-0.0005
CSX Corp,Industrials,Railroads,USA,NASD,"NDX, S&P 500",18.72,1.68,0.19%,1.88B,3.05%,59.02B,16.33,1.92,-0.04%,1.88B,12.01%,3.24B,4.02,0.42,77.00%,1.44%,-1.84%,14.28B,4.13,-9.52%,-3.43%,1.67,-12.19%,6.48,4.85,16.20%,7.53%,26.98M,-6.99%,0.61,51.46,4.66%,26.13%,26.22,37.10,-2.63%,0.50 (1.60%),21.91,5.12%,10.38%,-15.31%,1.23,0.50 (1.59%),0.75,4.70%,35.29%,19.84%,0.64,"May 30, 2025",0.88,-7.80%,35.29%,65.96,0.96%,1.60%,23500,1.61,-2.39%,22.66%,1.82,32.43,Yes / Yes,1.56,-25.00%,26.88%,0.93,31.34,-0.85%,-6.85%,-7.01%,Apr 16 AMC,16.16M,31.42,4.30%,7.85%,-2.95%,"

","15,013,340",0.26%,CSX,-0.0004
Sanofi ADR,Healthcare,Drug Manufacturers - General,France,NASD,-,21.86,2.39,0.02%,2.61B,-1.04%,127.55B,10.48,5.00,0.00%,2.44B,-2.55%,6.02B,1.69,0.94,10.73%,0.15%,-3.31%,44.44B,2.87,23.13%,-1.29%,1.26,8.43%,32.01,1.64,9.28%,4.29%,3.69M,7.85%,3.21,16.30,12.96%,7.34%,45.80,60.12,8.54%,2.34 (4.46%),16.04,13.05%,6.39%,-12.92%,0.51,2.21 (4.23%),0.73,2.13%,63.49%,14.30%,1.07,"May 09, 2025",1.08,2.96%,23.14%,50.15,0.95%,1.93%,84587,0.23,-4.57%,13.54%,1.62,66.41,Yes / Yes,0.17,-,66.96%,0.76,51.99,3.35%,3.11%,-,Apr 24 BMO,2.92M,52.35,0.32%,-1.00%,-1.38%,"

","2,236,590",0.69%,SNY,0.0
"Jack Henry & Associates, Inc",Technology,Information Technology Services,USA,NASD,S&P 500,30.65,5.87,0.57%,72.82M,-1.58%,13.11B,28.04,6.42,-4.87%,72.40M,3.79%,429.22M,2.98,1.55,98.46%,2.87%,4.78%,2.32B,5.65,15.54%,-1.02%,2.89,4.39%,27.97,6.44,6.28%,15.05%,2.07M,6.80%,0.55,328.89,10.28%,22.49%,157.00,196.00,2.73%,2.23 (1.24%),27.25,8.27%,19.87%,-8.12%,0.73,2.26 (1.25%),1.17,7.40%,42.06%,14.70%,3.72,"May 29, 2025",1.17,13.36%,23.34%,51.98,1.27%,1.41%,7170,0.11,6.04%,18.50%,2.80,186.14,Yes / Yes,0.06,27.60%,40.93%,1.22,182.10,-0.37%,10.98%,8.64%,May 06 AMC,716.75K,180.08,0.34%,2.08%,2.52%,"

","868,500",-1.11%,JKHY,-0.0487
"Gartner, Inc",Technology,Information Technology Services,USA,NYSE,S&P 500,27.09,16.08,2.81%,77.39M,-1.66%,33.52B,32.01,13.61,-0.69%,74.81M,3.56%,1.25B,7.55,3.30,96.24%,2.81%,-11.36%,6.33B,5.30,-11.72%,1.28%,3.07,-16.20%,19.36,22.50,9.38%,15.49%,2.11M,-0.79%,27.17,16.03,3.59%,113.19%,366.05,584.01,-10.09%,-,22.28,44.23%,29.28%,-25.42%,1.23,-,0.99,8.34%,64.57%,18.99%,9.25,"Jul 19, 1999",0.99,59.74%,17.75%,50.07,1.59%,1.23%,21044,1.93,5.99%,19.82%,2.54,480.33,Yes / Yes,1.86,1.70%,0.00%,1.09,435.18,-0.04%,9.69%,4.16%,May 06 BMO,685.45K,435.57,-0.89%,3.12%,-10.33%,"

","743,504",0.09%,IT,-0.0069
Visa Inc,Financial,Credit Services,USA,NYSE,"DJIA, S&P 500",36.86,9.83,12.00%,1.72B,1.14%,702.75B,28.46,12.73,-0.10%,1.71B,6.11%,19.64B,2.92,2.84,80.07%,1.67%,1.87%,37.62B,18.68,12.69%,-0.61%,4.15,16.93%,19.12,18.95,12.43%,21.21%,28.42M,32.03%,9.08,39.91,12.63%,50.03%,252.70,369.15,14.67%,2.40 (0.66%),34.27,13.34%,35.81%,-1.83%,0.94,2.29 (0.63%),1.08,9.69%,77.10%,43.41%,6.33,"May 13, 2025",1.08,12.45%,67.39%,61.14,1.20%,0.97%,31600,0.55,10.19%,52.21%,1.57,384.72,Yes / Yes,0.44,1.87%,21.69%,0.67,359.73,0.45%,2.99%,9.33%,Apr 29 AMC,6.85M,362.40,1.77%,5.46%,14.52%,"

","4,590,972",0.74%,V,-0.001
Caterpillar Inc,Industrials,Farm & Heavy Construction Machinery,USA,NYSE,"DJIA, S&P 500",17.14,20.52,0.22%,471.04M,2.71%,165.45B,16.67,21.10,-1.71%,469.29M,14.44%,9.94B,6.35,4.93,71.76%,1.63%,3.47%,63.26B,2.62,-14.25%,-2.92%,2.62,-11.50%,38.36,9.17,12.34%,11.78%,7.65M,0.83%,7.57,46.45,2.70%,55.67%,267.30,418.50,-3.02%,5.80 (1.65%),21.01,15.48%,22.65%,-15.94%,1.37,5.64 (1.60%),0.77,5.16%,35.62%,31.61%,8.18,"Apr 21, 2025",1.32,-7.37%,19.81%,64.30,1.37%,1.67%,112900,2.14,-5.58%,15.71%,2.18,362.17,Yes / Yes,1.43,-26.96%,25.08%,0.78,349.49,-3.21%,-2.23%,-9.81%,Apr 30 BMO,2.92M,351.79,3.68%,9.24%,-1.70%,"

","2,290,340",0.66%,CAT,-0.0171
Intercontinental Exchange Inc,Financial,Financial Data & Stock Exchanges,USA,NYSE,S&P 500,36.97,4.83,0.72%,574.00M,2.18%,102.41B,23.33,7.65,-9.14%,569.51M,7.33%,2.78B,3.15,1.74,92.38%,1.21%,4.50%,11.31B,9.05,13.76%,-1.34%,2.02,12.08%,48.74,3.66,10.80%,2.03%,6.91M,30.94%,4.59,38.87,11.73%,10.27%,131.79,179.43,19.81%,1.93 (1.08%),24.78,6.92%,6.10%,-0.50%,1.12,1.83 (1.03%),1.00,13.43%,69.97%,35.47%,3.15,"Jun 13, 2025",1.00,10.82%,40.39%,63.68,0.82%,1.07%,12920,0.74,13.25%,24.60%,1.62,194.62,Yes / Yes,0.63,3.55%,37.65%,0.52,177.80,0.52%,0.96%,8.52%,May 01 BMO,3.43M,178.53,1.82%,5.53%,10.08%,"

","1,789,718",0.41%,ICE,-0.09140000000000001
Agilent Technologies Inc,Healthcare,Diagnostics & Research,USA,NYSE,S&P 500,27.97,4.05,0.41%,285.10M,4.01%,32.30B,18.70,6.06,-1.07%,283.95M,5.42%,1.17B,3.47,1.37,90.37%,1.54%,-10.86%,6.63B,4.87,5.39%,-0.04%,1.92,-15.36%,21.61,5.24,8.69%,10.13%,4.38M,-24.81%,5.21,21.73,8.06%,18.88%,96.43,153.84,-15.68%,0.96 (0.85%),27.16,5.63%,12.29%,-26.37%,1.24,0.97 (0.85%),1.60,5.04%,57.20%,17.47%,3.54,"Jul 01, 2025",2.09,-4.08%,23.04%,55.47,1.77%,2.56%,17900,0.57,0.56%,17.59%,2.00,137.67,Yes / Yes,0.55,-28.65%,21.31%,1.70,110.88,2.54%,3.57%,6.04%,May 28 AMC,2.28M,113.28,2.52%,2.98%,-13.45%,"

","3,837,419",2.16%,A,-0.010700000000000001
Haleon plc ADR,Healthcare,Drug Manufacturers - Specialty & Generic,United Kingdom,NYSE,-,28.21,0.40,0.00%,4.51B,2.07%,51.10B,20.73,0.55,-,4.51B,10.21%,1.84B,2.91,-,12.63%,0.43%,15.73%,14.35B,3.56,10.65%,19.65%,1.32,17.41%,4.47,2.53,9.24%,4.27%,19.62M,35.20%,0.62,18.13,9.71%,8.90%,8.24,11.35,18.76%,0.19 (1.66%),22.42,17.40%,5.93%,-0.18%,0.31,0.17 (1.49%),0.78,5.97%,63.23%,37.42%,0.18,"Apr 25, 2025",0.98,43.24%,22.32%,69.87,0.29%,1.36%,-,0.63,2.16%,12.84%,2.12,11.23,Yes / Yes,0.53,24561.95%,41.96%,1.30,11.25,3.31%,5.24%,15.22%,Feb 27 BMO,14.84M,11.33,4.69%,9.02%,13.16%,"

","19,219,524",0.71%,HLN,
International Flavors & Fragrances Inc,Basic Materials,Specialty Chemicals,USA,NYSE,S&P 500,-,-3.26,1.61%,255.70M,-1.28%,19.46B,16.84,4.52,1.87%,251.68M,-1.90%,-835.00M,-,1.12,94.68%,2.30%,-6.12%,11.43B,1.70,-1.77%,0.87%,3.04,-16.22%,51.53,1.48,6.68%,-2.83%,5.78M,-20.87%,2.40,31.75,4.85%,-6.08%,65.85,106.77,-10.02%,1.65 (2.17%),34.20,-24.99%,-3.92%,-28.74%,1.07,1.60 (2.10%),1.39,25.44%,31.04%,15.54%,1.91,"Jun 20, 2025",1.87,66.69%,10.68%,49.60,2.49%,2.42%,22400,0.75,0.68%,-7.31%,1.76,89.00,Yes / Yes,0.62,-1796.50%,168.56%,0.54,75.14,0.45%,5.76%,-1.93%,May 06 AMC,1.90M,76.08,-0.49%,0.36%,-13.64%,"

","1,026,604",1.25%,IFF,0.0187
Monolithic Power System Inc,Technology,Semiconductors,USA,NASD,S&P 500,18.07,37.67,4.03%,47.88M,0.31%,32.59B,34.37,19.80,-2.41%,45.95M,16.02%,1.83B,1.05,4.11,99.31%,5.32%,11.71%,2.39B,13.66,19.96%,0.41%,2.59,17.20%,68.24,9.98,16.92%,57.26%,2.45M,-9.64%,21.44,31.75,17.20%,67.95%,438.86,959.64,15.04%,6.24 (0.92%),52.04,72.75%,55.70%,-29.07%,1.21,5.31 (0.78%),3.67,29.75%,55.37%,55.11%,29.18,"Mar 31, 2025",4.92,342.02%,25.67%,57.10,2.27%,3.27%,4017,0.01,30.57%,76.59%,1.74,752.33,Yes / Yes,0.00,47.35%,13.67%,0.44,677.48,0.53%,0.64%,39.24%,May 01 AMC,945.24K,680.72,1.08%,12.66%,-2.91%,"

","419,847",0.48%,MPWR,-0.0241
Norfolk Southern Corp,Industrials,Railroads,USA,NYSE,S&P 500,16.82,14.64,0.07%,225.44M,2.87%,55.53B,17.26,14.27,1.13%,225.28M,10.27%,3.32B,1.64,3.25,78.57%,1.41%,1.70%,12.11B,4.58,6.86%,-0.26%,2.38,-8.42%,64.37,3.83,12.72%,7.72%,3.17M,8.57%,4.46,55.20,10.23%,24.52%,201.63,277.60,4.94%,5.44 (2.21%),29.39,2.46%,10.64%,-11.28%,1.31,5.40 (2.19%),0.70,1.99%,36.25%,22.15%,5.06,"May 02, 2025",0.78,135.08%,36.25%,64.46,1.32%,1.85%,19600,1.19,0.70%,27.38%,2.00,260.14,Yes / Yes,1.15,1338.36%,46.66%,1.65,242.54,0.75%,1.02%,-0.37%,Apr 23 BMO,1.33M,246.30,4.68%,7.63%,0.77%,"

","2,178,830",1.55%,NSC,0.0113
NVIDIA Corp,Technology,Semiconductors,USA,NASD,"DJIA, NDX, S&P 500",44.83,3.10,4.09%,24.39B,5.61%,3396.24B,24.41,5.70,-0.13%,23.39B,27.67%,76.77B,1.51,1.00,66.40%,1.04%,15.85%,148.51B,22.87,46.13%,-0.61%,0.87,-1.94%,3.44,40.49,30.51%,75.89%,243.99M,30.73%,2.20,63.26,29.79%,115.46%,86.62,153.13,3.65%,0.04 (0.03%),47.13,91.83%,81.82%,-9.10%,2.14,0.04 (0.03%),2.96,70.88%,70.11%,60.69%,4.92,"Jun 11, 2025",3.39,81.36%,58.03%,70.67,2.33%,2.23%,36000,0.12,86.17%,51.69%,1.38,169.96,Yes / Yes,0.12,27.60%,1.16%,1.32,134.81,1.68%,9.89%,69.18%,May 28 AMC,280.91M,139.19,9.67%,20.15%,9.91%,"

","370,615,168",3.25%,NVDA,-0.0013
Coca-Cola Femsa S.A.B. DE C.V. ADR,Consumer Defensive,Beverages - Non-Alcoholic,Mexico,NYSE,-,16.23,5.94,5.19%,52.52M,1.31%,5.07B,13.04,7.40,0.00%,49.80M,3.65%,1.25B,1.63,1.61,39.85%,0.29%,8.62%,14.90B,0.34,13.16%,3.48%,0.66,22.31%,141.17,0.68,11.80%,7.81%,0.15M,1.68%,28.70,3.36,9.98%,17.12%,72.68,101.74,23.89%,3.69 (3.82%),10.35,15.55%,11.37%,-5.15%,0.62,3.12 (3.24%),0.96,9.49%,46.21%,32.77%,2.07,"Apr 22, 2025",1.21,4.48%,14.47%,59.58,0.98%,1.32%,114728,0.51,1.54%,8.38%,1.42,108.34,Yes / Yes,0.48,-14.53%,-,1.27,96.24,1.44%,23.77%,-8.45%,Apr 25 BMO,221.47K,96.50,3.19%,3.27%,12.31%,"

","279,701",0.27%,KOF,0.0
Canadian National Railway Co,Industrials,Railroads,Canada,NYSE,-,20.46,5.13,3.25%,627.50M,-1.06%,65.87B,16.88,6.22,0.00%,607.13M,8.87%,3.24B,2.07,1.37,69.30%,0.37%,5.23%,12.36B,5.33,9.03%,0.94%,1.52,-5.63%,23.94,4.38,10.89%,8.15%,2.22M,-17.28%,0.27,388.57,9.89%,21.81%,91.65,127.89,3.42%,2.51 (2.39%),28.63,3.01%,11.38%,-17.91%,1.00,2.46 (2.34%),0.43,2.44%,43.29%,14.54%,1.91,"Jun 09, 2025",0.62,-18.09%,37.15%,57.09,0.63%,1.92%,24671,0.98,-0.52%,26.20%,2.12,112.61,Yes / Yes,0.89,1.07%,48.22%,0.77,104.87,0.73%,3.84%,-2.60%,May 01 AMC,1.46M,104.98,1.17%,4.79%,-1.26%,"

","1,135,686",0.10%,CNI,0.0
"Tyler Technologies, Inc",Technology,Software - Application,USA,NYSE,S&P 500,86.20,6.63,0.68%,43.11M,0.86%,24.65B,46.21,12.37,-18.62%,42.83M,7.03%,289.91M,6.62,2.77,95.71%,2.58%,-5.57%,2.19B,11.25,16.95%,1.35%,3.75,-6.14%,81.48,7.02,10.76%,5.92%,1.11M,16.18%,18.72,30.53,13.02%,8.87%,458.50,661.31,-0.86%,-,41.55,10.60%,8.18%,-13.55%,0.84,-,0.94,15.32%,42.16%,24.68%,12.65,"Jan 31, 1990",0.94,50.93%,14.69%,54.44,1.06%,0.94%,7400,0.18,9.96%,13.23%,1.67,676.31,Yes / Yes,0.01,46.76%,0.00%,0.88,573.64,1.51%,8.56%,10.31%,Apr 23 AMC,294.97K,571.68,1.30%,1.63%,-2.78%,"

","260,627",-0.34%,TYL,-0.1862
Charles Schwab Corp,Financial,Capital Markets,USA,NYSE,S&P 500,26.68,3.29,5.83%,1.82B,0.21%,159.46B,17.22,5.10,-1.75%,1.71B,8.00%,6.02B,1.19,1.07,84.04%,1.02%,11.90%,26.20B,6.09,32.15%,14.23%,1.70,8.00%,22.20,3.95,18.64%,1.39%,17.52M,21.43%,33.40,2.63,22.48%,14.12%,61.01,89.85,18.58%,1.08 (1.23%),7.51,2.26%,8.64%,-2.32%,0.93,1.04 (1.19%),1.18,18.67%,77.57%,43.85%,1.68,"May 09, 2025",1.18,37.66%,40.89%,64.65,0.90%,0.88%,32100,0.81,2.32%,22.99%,1.70,89.79,Yes / Yes,0.41,44.28%,33.48%,0.75,88.05,1.23%,3.02%,3.13%,Apr 17 BMO,10.32M,87.76,1.79%,8.61%,16.48%,"

","7,800,150",-0.33%,SCHW,-0.0175
Paychex Inc,Technology,Software - Application,USA,NASD,"NDX, S&P 500",32.74,4.81,10.56%,360.20M,0.77%,56.70B,29.73,5.30,-0.09%,322.15M,7.52%,1.74B,5.18,1.20,79.33%,4.29%,5.82%,5.44B,10.42,5.82%,0.06%,6.27,8.97%,11.43,13.77,6.02%,14.35%,13.82M,26.72%,4.58,34.36,6.32%,44.25%,115.40,159.75,12.27%,3.94 (2.50%),35.55,10.30%,35.06%,-1.46%,0.91,4.02 (2.55%),1.39,7.04%,72.03%,36.41%,2.77,"May 12, 2025",1.39,6.92%,41.83%,63.04,1.27%,0.91%,16500,0.21,4.35%,31.99%,3.21,148.67,Yes / Yes,0.21,4.06%,78.19%,0.63,156.99,0.01%,0.68%,4.84%,Mar 26 BMO,2.20M,157.42,2.51%,5.46%,10.02%,"

","1,402,412",0.27%,PAYX,-0.0009
"Estee Lauder Cos., Inc",Consumer Defensive,Household & Personal Products,USA,NYSE,S&P 500,-,-2.42,35.21%,234.21M,7.87%,24.70B,31.21,2.20,0.11%,233.09M,15.24%,-871.00M,-,0.08,61.05%,4.41%,-5.89%,14.74B,1.68,-42.94%,1.48%,2.53,-1.80%,12.08,5.69,48.88%,-4.09%,10.29M,-45.53%,7.31,9.39,3.17%,-17.27%,48.37,125.90,-8.42%,1.65 (2.40%),26.06,-25.84%,-6.54%,-45.46%,1.13,1.71 (2.49%),1.02,1.35%,73.77%,41.97%,2.54,"May 30, 2025",1.41,-235.59%,8.07%,64.67,3.25%,2.66%,62000,2.16,-3.70%,-5.91%,2.83,64.95,Yes / Yes,2.07,-51.89%,244.24%,1.44,66.27,0.98%,107.87%,-9.73%,May 01 BMO,4.06M,68.67,8.57%,12.12%,-8.63%,"

","5,816,961",3.62%,EL,0.0011
"United Parcel Service, Inc",Industrials,Integrated Freight & Logistics,USA,NYSE,S&P 500,14.31,6.86,13.37%,846.80M,2.35%,83.07B,12.36,7.94,0.00%,733.58M,1.42%,5.86B,3.89,1.59,60.46%,2.48%,-16.60%,90.72B,0.92,-8.66%,-1.93%,2.93,-27.24%,18.49,5.31,12.53%,8.61%,18.22M,-29.25%,5.98,16.40,3.68%,35.96%,90.55,148.15,-22.20%,6.55 (6.68%),15.46,5.76%,15.14%,-33.78%,1.20,6.54 (6.67%),1.09,4.63%,18.15%,8.34%,2.36,"May 19, 2025",1.09,-0.76%,9.62%,49.36,1.84%,1.97%,490000,1.63,1.30%,6.46%,2.18,113.62,Yes / Yes,1.47,7.53%,96.41%,0.74,96.74,2.36%,7.99%,-0.81%,Apr 29 BMO,6.22M,98.10,0.78%,-2.37%,-18.66%,"

","4,595,527",1.41%,UPS,0.0
British American Tobacco Plc ADR,Consumer Defensive,Tobacco,United Kingdom,NYSE,-,26.66,1.69,0.09%,2.20B,1.15%,98.66B,9.25,4.86,0.00%,2.19B,4.92%,3.79B,5.73,-,9.88%,0.51%,16.17%,33.07B,2.98,0.46%,1.14%,1.85,20.30%,28.23,1.59,6.60%,2.52%,11.21M,46.86%,3.32,13.56,4.65%,5.87%,30.01,45.41,23.82%,3.18 (7.08%),9.41,-11.33%,3.68%,-0.97%,0.32,3.00 (6.66%),0.52,0.13%,63.18%,49.85%,0.75,"Jun 27, 2025",0.76,120.87%,14.41%,63.68,0.81%,1.69%,48989,0.74,-2.51%,11.46%,3.00,33.50,Yes / Yes,0.66,91.78%,172.31%,0.77,45.09,-2.02%,-0.28%,0.67%,Feb 13 BMO,6.07M,44.97,3.62%,6.53%,16.44%,"

","4,700,530",-0.27%,BTI,0.0
Workday Inc,Technology,Software - Application,USA,NASD,"NDX, S&P 500",133.50,1.81,19.97%,215.60M,-9.97%,64.55B,23.73,10.19,-1.80%,213.69M,-0.67%,487.00M,7.77,2.11,73.74%,3.09%,-7.22%,8.67B,7.45,20.31%,-1.21%,2.90,-9.71%,33.46,7.23,16.01%,2.94%,6.59M,9.44%,29.91,8.08,17.19%,5.70%,199.81,294.00,-6.31%,-,27.80,-,3.99%,-17.77%,1.23,-,2.01,18.38%,75.56%,20.99%,7.63,-,2.01,-67.58%,7.05%,41.55,6.95%,3.31%,20400,0.38,15.38%,5.62%,1.64,298.53,Yes / Yes,0.37,-36.45%,0.00%,1.32,239.90,1.00%,11.08%,12.61%,May 22 AMC,2.27M,241.76,-6.32%,-0.81%,-3.77%,"

","2,991,353",0.78%,WDAY,-0.018000000000000002
Houlihan Lokey Inc,Financial,Capital Markets,USA,NYSE,-,30.10,5.81,23.06%,53.82M,1.26%,12.22B,21.75,8.05,-0.06%,53.71M,7.88%,399.71M,2.30,1.62,76.75%,1.73%,2.69%,2.39B,5.11,12.46%,-1.24%,2.20,-7.27%,31.14,5.62,13.74%,11.44%,0.93M,28.95%,13.97,12.52,13.06%,19.93%,127.14,192.10,0.78%,2.40 (1.37%),15.10,15.80%,15.59%,-8.90%,0.84,2.28 (1.30%),1.35,18.16%,-,37.65%,4.08,"Jun 02, 2025",1.35,39.55%,21.84%,57.68,1.35%,1.85%,2702,0.20,24.88%,16.71%,2.50,175.67,Yes / Yes,0.18,48.88%,39.16%,0.68,174.13,6.07%,20.81%,28.05%,May 07 AMC,423.01K,175.01,0.95%,6.86%,3.88%,"

","288,214",0.51%,HLI,-0.0006
Southern Copper Corporation,Basic Materials,Copper,USA,NYSE,-,20.63,4.48,88.99%,804.07M,1.61%,74.29B,20.82,4.44,-0.00%,88.52M,0.47%,3.59B,5.75,1.04,9.03%,9.93%,3.11%,11.96B,6.21,5.68%,2.94%,5.87,-5.77%,11.90,7.76,-2.06%,19.61%,8.79M,-19.07%,5.39,17.14,3.59%,41.93%,74.11,118.64,3.13%,3.10 (3.35%),22.16,18.14%,21.16%,-22.13%,1.01,2.63 (2.85%),3.22,10.49%,50.45%,24.67%,2.57,"May 02, 2025",3.71,53.35%,49.35%,54.19,1.52%,1.60%,16133,0.83,23.23%,30.00%,3.05,92.65,Yes / Yes,0.77,29.11%,47.87%,0.70,91.74,5.36%,4.25%,20.08%,Apr 25 BMO,1.50M,92.39,1.57%,2.30%,-4.70%,"

","1,053,388",0.71%,SCCO,-0.0
"Home Depot, Inc",Consumer Cyclical,Home Improvement Retail,USA,NYSE,"DJIA, S&P 500",24.99,14.74,0.07%,995.00M,-0.69%,366.42B,22.58,16.31,-0.73%,993.21M,2.59%,14.64B,4.91,4.73,72.52%,0.93%,-5.63%,162.95B,2.25,-1.51%,-0.63%,2.46,-12.31%,7.99,46.07,8.64%,16.41%,9.20M,13.29%,1.38,267.66,5.09%,299.52%,323.77,439.37,-5.32%,9.17 (2.49%),24.12,7.79%,23.23%,-16.18%,1.02,9.05 (2.46%),0.28,7.98%,31.41%,13.75%,7.71,"Jun 05, 2025",1.09,-1.19%,13.24%,51.05,1.37%,1.33%,470100,7.70,7.33%,8.98%,1.79,422.35,Yes / Yes,6.92,-4.83%,60.36%,0.67,368.06,1.42%,-0.99%,9.44%,May 20 BMO,3.74M,368.29,-0.19%,1.94%,-4.91%,"

","3,035,069",0.06%,HD,-0.0073
Novo Nordisk ADR,Healthcare,Drug Manufacturers - General,Denmark,NYSE,-,20.60,3.37,0.00%,3.37B,1.85%,233.81B,14.71,4.72,-,3.37B,6.60%,15.05B,1.08,0.90,9.71%,0.82%,-22.15%,43.59B,5.36,25.73%,-5.38%,2.87,-33.89%,4.52,15.38,18.77%,26.37%,27.58M,-48.94%,1.79,38.87,19.12%,87.53%,57.00,148.15,-19.25%,1.98 (2.84%),16.37,21.74%,44.25%,-53.12%,0.65,1.66 (2.39%),0.56,18.58%,84.33%,21.86%,2.56,"Mar 31, 2025",0.74,16.36%,45.11%,55.43,3.12%,2.87%,76302,0.86,22.74%,34.52%,2.06,99.36,Yes / Yes,0.70,10.76%,35.93%,0.93,68.60,1.73%,8.78%,15.81%,May 07 BMO,9.62M,69.46,3.37%,3.97%,-27.61%,"

","8,997,906",1.25%,NVO,
Brookfield Asset Management Ltd,Financial,Asset Management,USA,NYSE,-,39.88,1.40,5.18%,1.61B,-2.69%,89.92B,29.20,1.91,0.00%,1.53B,3.60%,1.02B,2.69,0.40,17.55%,1.35%,-0.80%,1.42B,63.37,13.43%,49.37%,9.28,0.52%,5.26,10.59,16.09%,11.23%,20.71M,38.64%,0.21,270.83,14.85%,19.09%,37.29,62.61,2.90%,1.73 (3.10%),112.36,-,11.69%,-10.94%,1.48,1.63 (2.93%),1.21,172.44%,74.42%,49.53%,1.44,"May 30, 2025",1.21,28.94%,41.01%,50.83,1.74%,1.57%,2500,0.18,264.78%,71.88%,2.41,57.20,Yes / Yes,0.03,39.15%,117.63%,0.82,56.21,-17.90%,-1.19%,650.69%,May 06 BMO,2.23M,55.76,-2.06%,6.67%,7.27%,"

","1,839,139",-0.80%,BAM,0.0
"Landstar System, Inc",Industrials,Integrated Freight & Logistics,USA,NASD,-,27.35,5.04,1.06%,34.95M,-0.74%,4.82B,21.75,6.34,0.00%,34.58M,2.14%,178.66M,2.14,1.17,102.80%,3.65%,-11.64%,4.80B,1.00,-11.46%,0.84%,3.19,-22.83%,26.63,5.18,29.99%,10.32%,1.26M,-22.50%,13.55,10.18,12.75%,18.34%,128.99,194.54,-18.80%,1.50 (1.09%),21.47,-0.74%,17.99%,-29.11%,0.89,1.07 (0.78%),2.03,7.06%,12.90%,6.91%,4.17,"Jun 05, 2025",2.03,-22.46%,4.44%,47.22,1.29%,2.14%,1441,0.17,-4.72%,3.72%,3.06,139.64,Yes / Yes,0.07,-35.73%,25.03%,0.86,136.91,1.33%,2.65%,-1.58%,May 13 BMO,396.25K,137.91,-0.47%,-1.71%,-17.09%,"

","340,367",0.73%,LSTR,0.0
BRP Inc,Consumer Cyclical,Recreational Vehicles,Canada,NASD,-,-,-0.54,56.61%,34.51M,13.39%,2.96B,11.44,3.54,0.00%,31.69M,19.37%,-38.59M,-,0.34,46.23%,5.03%,3.63%,5.55B,0.53,-23.08%,-10.71%,6.99,-16.41%,4.60,8.81,40.37%,2.28%,1.59M,-39.34%,3.11,13.02,8.94%,26.57%,31.78,74.00,-20.29%,0.59 (1.46%),16.13,-,-1.58%,-45.20%,1.20,0.61 (1.50%),0.58,6.70%,21.07%,27.60%,1.67,"Jun 30, 2025",1.34,-109.42%,6.38%,67.51,6.31%,3.38%,21900,6.49,-24.82%,-0.69%,2.11,47.05,Yes / Yes,6.26,2022.19%,-,3.18,35.92,8.05%,43.04%,-13.17%,May 29 BMO,227.83K,40.55,12.21%,13.98%,-16.31%,"

","700,754",12.89%,DOOO,0.0
Alibaba Group Holding Ltd ADR,Consumer Cyclical,Internet Retail,China,NYSE,-,15.73,7.45,0.11%,2.39B,-5.19%,280.57B,10.80,10.85,0.00%,2.39B,-1.43%,17.98B,1.48,2.35,15.35%,1.68%,-14.19%,138.04B,2.03,5.96%,2.41%,1.83,40.96%,59.26,1.98,12.75%,7.30%,40.27M,45.43%,27.18,4.31,10.60%,13.04%,71.80,148.43,38.20%,1.07 (0.91%),19.66,-1.31%,10.71%,-21.05%,0.22,1.00 (0.85%),1.48,14.86%,39.32%,63.20%,3.89,"Jun 12, 2025",1.55,74.55%,14.69%,41.75,1.13%,2.80%,124320,0.23,5.17%,13.03%,1.34,162.54,Yes / Yes,0.21,290.28%,13.49%,0.56,116.74,-1.18%,-0.13%,5.28%,May 15 BMO,22.03M,117.18,-5.80%,-4.21%,12.28%,"

","12,392,828",0.38%,BABA,0.0
Zoetis Inc,Healthcare,Drug Manufacturers - Specialty & Generic,USA,NYSE,S&P 500,30.01,5.57,0.10%,446.04M,3.53%,74.41B,24.37,6.86,-0.50%,444.77M,7.53%,2.52B,3.52,1.62,95.93%,2.30%,1.31%,9.29B,8.01,5.15%,-1.04%,3.55,-5.55%,10.44,16.02,10.18%,17.70%,10.21M,-1.72%,3.87,43.24,8.53%,51.85%,139.70,200.33,2.58%,1.99 (1.19%),32.62,11.91%,25.04%,-16.57%,0.94,1.86 (1.12%),1.04,8.22%,69.48%,19.64%,3.99,"Jul 18, 2025",1.74,7.23%,37.01%,61.26,1.16%,2.27%,13800,1.45,6.32%,27.12%,1.48,200.29,Yes / Yes,1.16,7.88%,32.86%,0.85,165.40,1.37%,5.00%,1.37%,May 06 BMO,2.87M,167.14,4.10%,6.11%,-2.87%,"

","2,450,453",1.05%,ZTS,-0.005
Starbucks Corp,Consumer Cyclical,Restaurants,USA,NASD,"NDX, S&P 500",30.55,2.75,0.22%,1.14B,1.29%,95.51B,28.07,2.99,-0.76%,1.13B,-0.94%,3.13B,13.23,0.66,82.09%,3.86%,-26.59%,36.32B,2.63,-25.92%,3.08%,3.70,-18.00%,-6.71,-,22.13%,10.26%,43.81M,6.57%,2.65,31.72,2.31%,-,71.55,117.46,-7.89%,2.44 (2.91%),34.54,2.53%,21.34%,-28.44%,0.99,2.40 (2.86%),0.45,7.06%,18.80%,17.47%,2.79,"May 16, 2025",0.64,-24.28%,11.87%,46.99,2.32%,2.45%,361000,-,-0.50%,8.62%,2.31,89.96,Yes / Yes,-,-50.46%,68.95%,0.87,86.00,-0.77%,-15.60%,2.32%,Apr 29 AMC,11.85M,84.05,-0.35%,-3.31%,-12.31%,"

","10,312,548",-2.27%,SBUX,-0.0076
Idex Corporation,Industrials,Specialty Industrial Machinery,USA,NYSE,S&P 500,28.85,6.31,0.24%,75.70M,0.54%,13.76B,20.40,8.93,0.00%,75.36M,5.77%,479.10M,4.51,1.99,101.76%,2.02%,-5.99%,3.28B,4.19,3.93%,0.24%,2.19,-21.66%,51.61,3.53,8.87%,7.55%,1.52M,-15.34%,8.08,22.53,6.40%,12.73%,153.36,238.22,-12.97%,2.78 (1.53%),24.67,3.63%,8.34%,-23.54%,1.06,2.78 (1.53%),1.99,5.93%,43.40%,18.77%,4.42,"May 19, 2025",2.79,-17.18%,21.13%,50.67,1.64%,1.82%,9000,0.50,1.66%,14.60%,2.28,202.85,Yes / Yes,0.47,-21.23%,41.48%,0.79,180.70,0.99%,6.66%,1.72%,May 01 BMO,692.69K,182.14,-1.09%,2.45%,-9.56%,"

","551,602",0.80%,IEX,0.0
Graco Inc,Industrials,Specialty Industrial Machinery,USA,NYSE,-,29.88,2.83,0.99%,167.13M,0.06%,14.15B,26.62,3.18,-1.60%,165.47M,3.90%,487.99M,3.99,0.79,89.79%,1.90%,-1.62%,2.15B,6.58,6.68%,-1.32%,3.47,-7.04%,14.82,5.71,7.65%,16.84%,3.15M,3.92%,3.21,26.39,7.49%,20.28%,72.06,92.86,0.45%,1.08 (1.28%),25.90,7.07%,19.58%,-8.82%,1.07,1.06 (1.25%),2.53,5.45%,52.76%,17.50%,1.70,"Apr 14, 2025",3.61,-2.50%,27.04%,53.54,1.41%,1.47%,4300,0.02,-0.40%,22.70%,2.46,91.86,Yes / Yes,0.01,2.07%,36.89%,0.60,83.88,0.69%,4.56%,7.33%,Apr 23 AMC,907.28K,84.67,0.31%,3.05%,0.35%,"

","551,136",0.94%,GGG,-0.016
Walt Disney Co,Communication Services,Entertainment,USA,NYSE,"DJIA, S&P 500",22.88,4.90,0.10%,1.80B,1.41%,201.38B,17.71,6.33,-0.71%,1.80B,22.87%,8.91B,1.80,1.46,72.85%,1.20%,0.64%,93.60B,2.15,16.05%,0.49%,1.88,-3.14%,57.93,1.93,9.67%,4.56%,21.57M,10.08%,3.26,34.41,12.73%,8.75%,80.10,118.63,0.60%,0.85 (0.76%),18.48,-16.36%,6.33%,-5.57%,1.54,0.95 (0.85%),0.58,5.94%,31.38%,39.85%,2.62,"Jun 24, 2025",0.64,431.28%,14.18%,67.66,1.62%,2.61%,233000,0.41,5.33%,9.52%,1.71,124.62,Yes / Yes,0.35,16663.30%,27.62%,0.84,111.52,2.29%,22.05%,6.88%,May 07 BMO,11.47M,112.02,5.01%,14.93%,10.26%,"

","9,683,748",0.45%,DIS,-0.0070999999999999995
Ferrovial S.E,Industrials,Infrastructure Operations,Netherlands,NASD,-,10.64,4.84,35.94%,728.53M,-2.02%,37.19B,-,-,0.00%,462.41M,6.42%,3.51B,-,-,28.04%,0.18%,15.46%,9.89B,3.76,-,-26.74%,6.23,32.92%,8.72,5.91,-,11.81%,0.83M,28.13%,6.93,7.44,-,66.80%,37.92,56.43,22.58%,-,44.33,63.82%,20.73%,-8.70%,-,0.89 (1.73%),1.13,8.04%,9.84%,35.86%,1.18,"May 23, 2025",1.22,608.62%,9.84%,61.81,0.31%,1.60%,25501,1.90,7.49%,35.43%,-,-,Yes / Yes,1.69,953.24%,14.78%,1.04,51.55,-,-,6.64%,May 13 AMC,132.71K,51.52,1.96%,8.73%,18.93%,"

","137,976",-0.06%,FER,0.0
MercadoLibre Inc,Consumer Cyclical,Internet Retail,USA,NASD,NDX,62.62,40.65,7.30%,50.70M,-2.17%,129.05B,36.53,69.68,-0.00%,47.00M,11.60%,2.06B,1.77,12.30,81.70%,1.54%,19.52%,22.38B,5.77,32.80%,0.73%,1.64,26.96%,98.70,25.79,39.21%,8.82%,0.72M,50.30%,188.96,13.47,35.36%,49.11%,1550.00,2635.88,49.70%,-,26.05,-,23.05%,-3.43%,1.51,-,1.18,56.18%,46.13%,64.23%,72.76,"Dec 28, 2017",1.20,81.11%,12.81%,64.29,2.38%,1.99%,84207,1.98,41.92%,9.21%,1.42,2860.14,Yes / Yes,0.79,43.60%,0.00%,0.45,2550.71,8.17%,17.71%,36.97%,May 07 AMC,441.03K,2545.49,2.95%,14.41%,24.93%,"

","200,088",-0.20%,MELI,-0.0
ServiceNow Inc,Technology,Software - Application,USA,NYSE,S&P 500,137.82,7.37,0.42%,206.98M,0.05%,210.14B,51.14,19.85,-4.55%,206.11M,7.68%,1.54B,7.04,3.57,89.90%,2.07%,10.24%,11.47B,18.32,19.06%,-1.58%,2.21,-4.28%,48.99,20.73,19.79%,7.99%,4.26M,37.47%,31.91,31.81,19.58%,16.86%,637.99,1198.09,-4.23%,-,57.09,16.56%,12.37%,-15.26%,0.96,-,1.06,26.04%,78.92%,59.13%,25.63,-,1.06,-20.93%,12.93%,60.91,1.54%,1.40%,26293,0.24,21.01%,13.41%,1.41,1086.34,Yes / Yes,0.23,31.50%,0.00%,0.65,1021.30,0.15%,5.47%,18.63%,Apr 23 AMC,1.93M,1015.23,0.93%,13.27%,6.85%,"

","1,266,245",-0.59%,NOW,-0.0455
Cheniere Energy Partners LP,Energy,Oil & Gas Midstream,USA,NYSE,-,13.73,4.18,49.63%,484.00M,0.53%,27.79B,13.32,4.31,0.00%,243.83M,-4.62%,2.02B,-,1.00,46.54%,0.37%,-13.21%,9.40B,2.96,2.53%,1.22%,5.52,5.15%,4.24,13.54,-1.12%,11.70%,0.90M,17.13%,0.35,163.47,-0.41%,124.29%,46.63,68.42,8.15%,3.35 (5.83%),9.97,13.75%,12.07%,-16.09%,0.40,3.10 (5.40%),0.76,15.41%,33.26%,23.12%,1.93,"May 09, 2025",0.88,9.35%,32.04%,43.74,1.64%,2.03%,1714,7.22,3.94%,21.54%,4.06,56.21,Yes / Yes,7.17,191.12%,81.02%,1.02,58.73,16.54%,-2.65%,30.24%,May 08 BMO,162.88K,57.41,-2.15%,-4.45%,2.51%,"

","165,817",-2.25%,CQP,0.0
Veralto Corp,Industrials,Pollution & Treatment Controls,USA,NYSE,S&P 500,28.95,3.50,4.12%,247.80M,0.75%,25.09B,25.34,4.00,-0.67%,237.64M,8.75%,874.00M,3.97,0.88,95.30%,1.47%,2.10%,5.28B,4.75,3.89%,-0.71%,2.41,-4.86%,9.29,10.90,8.63%,14.15%,3.50M,-0.93%,5.00,20.25,7.29%,46.19%,83.86,115.00,-0.60%,0.37 (0.36%),29.18,3.20%,17.72%,-11.97%,1.22,0.40 (0.40%),1.92,4.56%,59.37%,20.72%,1.93,"Jun 30, 2025",2.19,9.03%,23.43%,61.55,0.82%,1.15%,17000,1.14,4.70%,16.56%,2.00,110.43,Yes / Yes,1.14,21.63%,11.39%,0.71,100.76,4.10%,9.60%,6.90%,Apr 29 AMC,1.45M,101.24,2.08%,5.98%,-1.49%,"

","1,037,641",0.48%,VLTO,-0.0067
Fortinet Inc,Technology,Software - Infrastructure,USA,NASD,"NDX, S&P 500",42.00,2.43,16.97%,769.20M,-0.78%,78.10B,36.84,2.77,-0.67%,635.50M,-2.08%,1.88B,4.22,0.59,69.35%,2.50%,-4.72%,6.14B,12.72,4.28%,-0.13%,3.09,9.99%,2.55,39.99,12.07%,20.80%,15.88M,66.32%,6.25,16.34,9.96%,205.91%,54.57,114.82,8.00%,-,37.78,42.92%,76.42%,-11.13%,1.07,-,1.29,22.66%,81.34%,86.99%,3.24,-,1.36,58.13%,31.36%,49.01,1.60%,2.70%,14138,0.51,13.83%,30.60%,2.43,108.56,Yes / Yes,0.25,43.64%,0.00%,0.92,104.51,0.08%,9.17%,13.77%,May 07 AMC,5.13M,102.04,-1.70%,2.22%,10.21%,"

","4,731,952",-2.36%,FTNT,-0.0067
Hershey Company,Consumer Defensive,Confectioners,USA,NYSE,S&P 500,19.90,8.11,27.30%,147.98M,6.63%,32.68B,25.16,6.41,-0.02%,147.28M,-2.27%,1.65B,-,0.97,61.20%,6.94%,-6.39%,10.75B,3.04,-35.81%,-0.11%,5.89,-7.72%,23.12,6.98,6.62%,12.50%,10.22M,-18.11%,7.48,21.57,-7.59%,37.48%,140.13,208.03,-4.74%,5.52 (3.42%),17.95,14.88%,16.19%,-22.45%,0.28,5.48 (3.40%),1.11,7.15%,40.67%,15.12%,4.55,"May 16, 2025",1.59,-19.78%,19.74%,49.71,2.05%,1.90%,18540,1.34,-5.91%,15.32%,3.07,160.62,Yes / Yes,1.17,-71.64%,50.20%,1.39,155.90,0.51%,7.90%,-13.75%,May 01 BMO,1.73M,161.32,-0.41%,-1.90%,-7.53%,"

","2,388,116",3.48%,HSY,-0.0002
Accenture plc,Technology,Information Technology Services,Ireland,NYSE,S&P 500,26.22,12.12,0.27%,626.44M,0.00%,198.91B,23.30,13.64,-2.33%,624.33M,6.45%,7.68B,3.54,3.31,78.58%,1.41%,-10.97%,67.22B,2.96,6.36%,0.42%,2.44,-11.41%,46.69,6.81,7.28%,13.82%,8.82M,5.56%,13.57,23.41,7.41%,27.26%,275.01,398.35,-9.68%,5.72 (1.80%),20.41,9.21%,21.05%,-20.24%,1.33,5.73 (1.80%),1.48,8.75%,32.21%,15.53%,6.53,"Apr 10, 2025",1.48,12.27%,15.44%,56.83,1.69%,1.43%,774000,0.28,4.10%,11.43%,1.67,357.25,Yes / Yes,0.25,7.19%,45.12%,0.70,315.99,0.25%,0.33%,5.44%,Jun 20 BMO,3.61M,317.73,1.21%,4.61%,-7.19%,"

","2,557,880",0.55%,ACN,-0.0233
Costco Wholesale Corp,Consumer Defensive,Discount Stores,USA,NASD,"NDX, S&P 500",58.89,17.13,0.19%,443.73M,-1.62%,447.56B,50.50,19.97,-1.22%,442.82M,1.72%,7.62B,5.91,5.83,69.65%,1.39%,-1.27%,264.09B,1.69,9.38%,-1.13%,2.54,4.64%,57.64,17.50,10.28%,10.92%,6.17M,24.58%,29.66,34.01,9.97%,32.89%,788.20,1078.23,10.09%,4.72 (0.47%),64.63,14.93%,22.67%,-6.45%,0.99,4.78 (0.47%),0.49,10.86%,12.67%,27.98%,19.09,"May 02, 2025",1.00,16.91%,3.69%,52.13,0.80%,0.92%,333000,0.32,6.13%,2.89%,2.05,1071.03,Yes / Yes,0.31,2.55%,26.32%,0.82,1013.14,0.12%,1.01%,9.04%,May 29 AMC,2.43M,1008.74,-0.43%,3.29%,6.43%,"

","2,023,815",-0.43%,COST,-0.012199999999999999
Blackrock Inc,Financial,Asset Management,USA,NYSE,S&P 500,23.72,41.17,7.25%,155.02M,0.36%,151.26B,19.48,50.12,-1.80%,143.70M,6.06%,6.31B,2.48,10.53,77.00%,1.36%,3.33%,21.39B,7.07,3.51%,-3.97%,2.29,-5.80%,309.86,3.15,11.03%,4.74%,1.96M,24.87%,50.00,19.53,9.56%,14.37%,752.29,1084.22,-4.76%,22.14 (2.27%),36.85,8.12%,10.25%,-9.95%,1.42,20.51 (2.10%),3.97,7.64%,79.45%,29.78%,20.31,"Jun 05, 2025",3.97,4.76%,37.83%,58.47,1.31%,1.30%,21100,0.30,11.73%,29.48%,1.30,1025.19,Yes / Yes,0.28,-7.99%,48.56%,0.48,971.28,-0.27%,12.06%,10.67%,Apr 11 BMO,855.78K,976.32,2.04%,5.26%,1.30%,"

","455,568",0.52%,BLK,-0.018000000000000002
Ambev S.A. ADR,Consumer Defensive,Beverages - Brewers,Brazil,NYSE,-,15.41,0.16,0.00%,15.65B,-0.80%,38.96B,13.66,0.18,-,15.65B,-1.97%,2.55B,1.93,0.03,7.54%,0.34%,18.01%,16.31B,2.39,9.58%,-2.88%,1.69,15.93%,1.05,2.36,5.68%,9.63%,52.68M,10.87%,0.23,10.99,7.99%,15.09%,1.76,2.63,34.59%,0.16 (6.55%),9.54,-2.22%,15.12%,-5.50%,0.81,0.11 (4.54%),0.80,5.32%,47.90%,41.48%,0.06,"May 19, 2025",1.11,-13.02%,22.06%,52.51,0.77%,0.83%,43000,0.03,1.25%,15.64%,2.60,2.97,Yes / Yes,0.02,-15.04%,60.20%,0.74,2.48,3.39%,4.44%,-6.05%,May 08 BMO,31.16M,2.49,-0.84%,3.03%,13.31%,"

","23,181,764",0.40%,ABEV,
Bellring Brands Inc,Consumer Defensive,Packaged Foods,USA,NYSE,-,28.79,2.14,1.32%,126.30M,-0.69%,7.84B,24.47,2.52,-18.31%,125.32M,-19.58%,281.00M,1.94,0.50,99.75%,3.35%,-12.41%,2.19B,3.58,13.85%,1.41%,2.30,-21.49%,-2.01,-,14.79%,32.82%,4.20M,5.74%,0.35,177.31,14.84%,-,48.06,80.67,-18.09%,-,49.89,-9.81%,40.17%,-23.50%,0.73,-,1.34,18.63%,35.48%,28.40%,2.69,-,2.92,49.43%,20.32%,39.01,1.76%,5.33%,485,-,18.91%,12.82%,1.56,78.87,Yes / Yes,-,5.07%,0.00%,1.56,60.37,1.60%,-0.43%,18.88%,May 05 AMC,1.83M,61.71,-5.44%,-12.36%,-10.75%,"

","2,827,656",2.22%,BRBR,-0.18309999999999998
McDonald's Corp,Consumer Cyclical,Restaurants,USA,NYSE,"DJIA, S&P 500",27.51,11.34,0.04%,715.00M,-1.45%,222.99B,23.43,13.31,-16.44%,714.77M,-0.84%,8.16B,3.74,3.14,75.30%,1.35%,0.62%,25.71B,8.67,5.09%,1.59%,2.63,7.43%,-4.83,-,8.07%,14.86%,9.63M,20.82%,1.73,180.12,7.35%,-,243.53,326.32,7.58%,7.13 (2.29%),33.26,7.66%,16.81%,-4.43%,0.55,6.88 (2.21%),1.17,4.46%,56.27%,28.06%,4.96,"Jun 02, 2025",1.18,-3.83%,45.90%,46.77,0.37%,0.99%,150000,-,-0.22%,31.75%,2.03,334.44,Yes / Yes,-,-2.12%,59.52%,0.61,312.84,-2.38%,0.30%,-3.45%,May 01 BMO,3.66M,311.86,-0.85%,-0.12%,3.94%,"

","2,248,937",-0.31%,MCD,-0.16440000000000002
AMGEN Inc,Healthcare,Drug Manufacturers - General,USA,NASD,"DJIA, NDX, S&P 500",25.88,10.95,0.22%,537.70M,4.50%,152.46B,13.17,21.52,-6.41%,536.52M,-1.74%,5.93B,5.96,5.23,81.06%,2.68%,-7.29%,33.93B,4.49,5.11%,1.89%,4.64,-3.73%,11.54,24.56,3.20%,6.51%,14.36M,-7.29%,16.38,17.31,4.34%,105.67%,253.30,346.85,8.79%,9.63 (3.40%),13.97,-10.10%,9.85%,-18.25%,0.49,9.26 (3.27%),0.88,7.57%,67.43%,11.94%,7.00,"May 16, 2025",1.17,56.99%,26.26%,54.83,1.54%,2.06%,28000,9.24,15.59%,17.49%,2.36,311.38,Yes / Yes,8.70,1616.98%,119.05%,0.90,278.40,1.14%,14.76%,9.42%,May 01 AMC,3.10M,283.54,3.33%,-1.09%,-5.03%,"

","2,802,379",1.85%,AMGN,-0.0641
Lilly(Eli) & Co,Healthcare,Drug Manufacturers - General,USA,NYSE,S&P 500,59.86,12.07,10.35%,948.10M,-0.33%,684.81B,24.36,29.66,-0.89%,849.67M,-18.37%,11.11B,1.44,5.54,78.89%,0.86%,-20.17%,49.00B,13.97,67.75%,-0.14%,1.76,-3.40%,16.63,43.46,36.13%,14.49%,7.35M,-10.51%,3.40,212.63,41.43%,77.73%,677.09,972.53,-6.40%,6.57 (0.91%),183.27,18.77%,22.10%,-25.70%,0.39,5.60 (0.78%),1.06,15.54%,81.70%,6.72%,25.86,"May 16, 2025",1.37,80.73%,40.25%,41.16,1.03%,3.64%,47000,2.44,36.38%,22.66%,1.52,990.82,Yes / Yes,2.19,23.46%,44.39%,0.66,719.39,0.48%,2.51%,45.17%,May 01 BMO,4.17M,722.57,-3.71%,-8.10%,-13.51%,"

","2,786,929",0.44%,LLY,-0.0089
Hilton Worldwide Holdings Inc,Consumer Cyclical,Lodging,USA,NYSE,S&P 500,39.16,6.34,2.18%,238.78M,0.61%,59.01B,27.51,9.02,-1.28%,232.51M,9.65%,1.57B,2.89,2.02,98.13%,2.44%,-4.18%,11.30B,5.22,11.16%,-1.28%,2.30,-1.87%,-18.33,-,14.02%,9.82%,5.68M,22.15%,3.40,73.12,13.57%,-,194.93,275.22,0.45%,0.61 (0.25%),29.21,15.11%,22.53%,-9.80%,1.24,0.60 (0.24%),0.57,11.47%,25.79%,27.36%,6.08,"May 23, 2025",0.57,38.52%,21.03%,56.32,2.12%,1.86%,181000,-,7.43%,13.90%,2.46,248.80,Yes / Yes,-,18.80%,9.77%,0.60,250.78,-0.88%,6.83%,4.74%,Apr 29 BMO,2.47M,248.26,0.34%,7.52%,4.10%,"

","1,501,420",-1.00%,HLT,-0.0128
Enterprise Products Partners L P,Energy,Oil & Gas Midstream,USA,NYSE,-,11.73,2.66,33.59%,2.17B,-1.76%,67.73B,10.37,3.01,0.00%,1.44B,1.43%,5.79B,2.18,0.67,24.72%,1.72%,-4.84%,56.41B,1.20,3.71%,0.25%,4.72,-4.84%,13.33,2.34,7.98%,7.89%,24.72M,10.71%,0.49,63.36,5.38%,20.49%,27.37,34.63,-0.41%,2.20 (7.03%),17.66,5.15%,9.91%,-9.82%,0.65,2.12 (6.79%),0.64,15.05%,12.00%,14.10%,0.59,"Apr 30, 2025",0.86,4.37%,11.58%,47.56,0.56%,1.01%,7800,1.11,9.10%,10.27%,1.90,36.79,Yes / Yes,1.02,-4.23%,78.06%,0.79,31.43,10.12%,-9.23%,4.95%,Apr 29 BMO,5.24M,31.23,-0.16%,-1.12%,-0.21%,"

","4,153,747",-0.64%,EPD,0.0
Northrop Grumman Corp,Industrials,Aerospace & Defense,USA,NYSE,S&P 500,18.87,25.41,0.25%,144.07M,1.16%,69.00B,16.71,28.69,-2.37%,143.56M,-0.56%,3.71B,3.19,6.61,84.25%,1.88%,4.22%,40.37B,1.71,-3.32%,0.28%,2.29,-3.52%,104.00,4.61,13.79%,7.71%,2.70M,2.78%,11.71,40.95,5.91%,25.41%,418.60,555.57,2.15%,7.66 (1.60%),38.85,16.47%,11.97%,-13.71%,0.14,8.24 (1.72%),0.82,4.01%,19.34%,14.52%,10.55,"Jun 02, 2025",0.94,77.28%,9.59%,49.11,0.60%,1.21%,97000,1.11,0.61%,9.19%,2.00,535.43,Yes / Yes,1.07,-47.50%,28.41%,0.73,475.32,-4.57%,-46.82%,-6.56%,Apr 22 BMO,1.18M,479.39,0.33%,-2.71%,-3.21%,"

","864,033",0.86%,NOC,-0.023700000000000002
Tradeweb Markets Inc,Financial,Capital Markets,USA,NASD,-,58.91,2.43,45.72%,116.44M,-1.35%,33.91B,37.40,3.83,-0.06%,115.81M,4.39%,523.31M,4.34,0.85,55.36%,2.33%,9.41%,1.83B,18.56,17.19%,1.50%,2.30,5.46%,27.83,5.15,12.04%,7.09%,2.70M,27.76%,5.53,25.93,13.59%,9.14%,101.03,152.65,9.54%,0.48 (0.34%),38.36,34.23%,8.76%,-6.05%,0.84,0.42 (0.29%),4.81,17.53%,87.23%,41.95%,3.44,"Jun 02, 2025",4.81,29.26%,42.25%,52.88,0.96%,1.52%,1412,0.01,28.86%,28.65%,1.62,153.33,Yes / Yes,0.01,17.49%,17.16%,0.63,144.24,-0.46%,0.51%,24.69%,Apr 30 BMO,1.17M,143.41,-0.29%,2.34%,9.33%,"

","748,631",-0.58%,TW,-0.0006
Microsoft Corporation,Technology,Software - Infrastructure,USA,NASD,"DJIA, NDX, S&P 500",35.45,12.94,1.47%,7.43B,1.35%,3409.16B,30.28,15.15,-0.13%,7.32B,16.40%,96.64B,2.44,3.37,73.61%,0.78%,16.85%,270.01B,12.63,13.46%,-0.46%,2.36,10.00%,43.30,10.59,13.13%,18.46%,57.07M,6.63%,10.71,42.82,14.51%,33.61%,344.79,468.35,8.82%,3.28 (0.72%),49.15,18.45%,23.24%,-2.06%,1.03,2.41 (0.53%),1.36,14.40%,69.07%,33.03%,8.73,"May 15, 2025",1.37,12.10%,45.23%,68.91,1.51%,1.87%,228000,0.33,14.13%,35.79%,1.30,510.11,Yes / Yes,0.29,17.88%,25.42%,0.57,457.36,2.38%,7.38%,13.27%,Apr 30 AMC,24.15M,458.68,2.49%,12.52%,10.06%,"

","13,982,211",0.29%,MSFT,-0.0013
Walmart Inc,Consumer Defensive,Discount Stores,USA,NYSE,"DJIA, S&P 500",41.61,2.33,45.66%,8.00B,0.69%,776.89B,33.22,2.92,-0.92%,4.35B,1.10%,18.82B,4.67,0.72,35.80%,1.17%,0.32%,685.09B,1.13,3.70%,-0.48%,2.26,7.36%,11.34,8.56,12.29%,7.29%,51.03M,48.52%,1.16,83.44,8.91%,22.80%,64.16,105.30,7.47%,0.93 (0.96%),57.50,6.82%,13.54%,-7.79%,0.68,0.89 (0.91%),0.22,5.39%,24.88%,51.34%,2.03,"Aug 15, 2025",0.78,-0.17%,4.33%,54.54,0.73%,0.91%,2100000,0.80,4.22%,2.75%,1.43,109.49,Yes / Yes,0.66,-11.64%,34.51%,0.63,97.24,-0.01%,5.99%,2.54%,May 15 BMO,22.63M,97.10,-0.29%,4.54%,9.45%,"

","14,343,738",-0.14%,WMT,-0.0092
Texas Roadhouse Inc,Consumer Cyclical,Restaurants,USA,NASD,-,30.19,6.49,0.59%,66.40M,4.64%,12.99B,25.77,7.60,-4.77%,65.95M,18.90%,434.05M,3.17,1.90,96.79%,4.94%,10.05%,5.50B,2.36,3.66%,3.51%,2.70,0.45%,20.78,9.42,13.26%,14.42%,3.26M,16.02%,3.33,58.75,9.52%,33.55%,148.73,206.04,8.51%,2.68 (1.37%),32.98,21.34%,19.23%,-4.98%,0.91,2.51 (1.28%),0.41,15.75%,14.05%,31.64%,4.80,"Jun 03, 2025",0.47,31.24%,9.93%,66.95,2.92%,2.08%,95000,0.66,15.09%,7.89%,2.34,188.05,Yes / Yes,0.64,0.99%,37.71%,0.90,196.32,0.54%,-3.24%,9.57%,May 08 AMC,1.21M,195.79,5.83%,12.89%,9.77%,"

","1,084,621",-0.27%,TXRH,-0.04769999999999999
Palo Alto Networks Inc,Technology,Software - Infrastructure,USA,NASD,"NDX, S&P 500",106.33,1.75,0.98%,665.90M,2.52%,123.90B,50.42,3.69,-41.07%,660.28M,-0.44%,1.24B,7.51,0.88,78.75%,3.94%,-0.90%,8.87B,13.96,15.46%,0.22%,4.77,-3.06%,10.86,17.11,12.58%,6.20%,26.02M,15.56%,4.97,37.41,14.16%,21.16%,142.01,208.39,2.12%,-,41.29,-,16.34%,-10.83%,0.96,-,0.85,22.69%,73.56%,30.85%,5.42,-,0.85,-50.96%,11.65%,50.39,0.68%,1.98%,15289,0.10,13.91%,13.95%,1.77,212.59,Yes / Yes,0.05,-5.75%,0.00%,0.82,187.80,0.43%,3.67%,15.33%,May 20 AMC,5.46M,185.82,-1.70%,3.54%,1.66%,"

","4,499,556",-1.05%,PANW,-0.4107
GSK Plc ADR,Healthcare,Drug Manufacturers - General,United Kingdom,NYSE,-,20.77,1.93,0.00%,2.04B,3.79%,81.04B,8.29,4.83,-,2.03B,2.64%,3.98B,2.32,1.15,18.13%,0.83%,7.24%,40.23B,2.01,8.38%,-4.50%,3.07,17.79%,8.95,4.47,11.69%,5.23%,16.76M,-11.35%,2.86,14.00,8.94%,22.26%,31.72,45.01,18.27%,1.74 (4.35%),12.79,-11.63%,10.07%,-11.13%,0.51,1.61 (4.02%),0.58,-0.74%,71.84%,26.12%,0.80,"May 16, 2025",0.87,-29.96%,18.02%,64.16,1.56%,1.79%,68629,1.30,4.17%,9.89%,2.83,43.91,Yes / Yes,1.16,53.31%,94.89%,0.92,39.18,3.33%,14.83%,1.38%,Apr 30 BMO,5.47M,40.00,5.11%,6.52%,6.53%,"

","5,048,296",2.09%,GSK,
Franco-Nevada Corporation,Basic Materials,Gold,Canada,NYSE,-,52.51,3.20,0.73%,192.65M,1.58%,32.42B,33.32,5.05,0.00%,191.25M,-0.38%,617.40M,2.90,1.07,78.04%,1.47%,19.19%,1.22B,26.47,39.86%,-7.90%,2.81,36.06%,32.66,5.15,12.49%,9.71%,2.81M,37.93%,5.86,28.74,18.13%,10.19%,112.70,178.74,43.12%,1.52 (0.90%),199.98,9.38%,9.80%,-5.85%,0.43,1.46 (0.87%),22.89,6.71%,69.84%,49.33%,4.24,"Jun 12, 2025",22.90,228.94%,66.53%,56.41,1.12%,2.27%,41,0.00,2.11%,50.41%,2.22,183.17,Yes / Yes,0.00,44.82%,50.24%,0.34,168.50,8.88%,7.41%,43.64%,May 08 AMC,999.52K,168.29,2.16%,3.53%,23.03%,"

","345,210",-0.12%,FNV,0.0
"Broadridge Financial Solutions, Inc",Technology,Information Technology Services,USA,NYSE,S&P 500,36.03,6.65,0.57%,117.20M,0.26%,28.16B,25.92,9.25,-20.91%,116.79M,0.02%,788.50M,3.81,3.49,91.63%,1.15%,0.97%,6.77B,4.16,9.82%,0.90%,2.29,4.12%,20.33,11.79,8.93%,9.55%,1.34M,19.54%,2.71,88.60,9.45%,33.92%,192.68,247.01,6.03%,3.45 (1.44%),24.56,7.63%,13.17%,-2.95%,0.96,3.44 (1.44%),1.32,7.86%,30.57%,24.41%,4.29,"Jun 12, 2025",1.32,13.40%,17.75%,53.79,0.76%,1.62%,14600,1.53,5.73%,11.65%,2.36,250.43,Yes / Yes,1.51,14.62%,54.59%,0.77,240.25,-2.82%,1.19%,4.93%,May 01 BMO,587.72K,239.72,0.96%,1.54%,5.37%,"

","453,314",-0.22%,BR,-0.2091
W.W. Grainger Inc,Industrials,Industrial Distribution,USA,NYSE,S&P 500,27.72,39.16,6.11%,48.07M,0.40%,52.16B,24.30,44.67,-0.09%,45.11M,7.21%,1.91B,3.43,10.07,73.49%,2.85%,7.40%,17.24B,3.03,3.96%,-0.91%,4.70,-10.02%,72.39,15.00,10.30%,22.39%,1.29M,12.35%,13.86,78.32,8.08%,57.19%,874.98,1227.66,3.01%,8.80 (0.81%),33.67,20.30%,31.42%,-11.56%,1.21,8.41 (0.77%),1.60,8.49%,39.45%,24.09%,19.14,"May 12, 2025",2.74,7.23%,15.31%,60.38,1.13%,1.30%,26000,0.77,3.71%,11.08%,2.95,1108.17,Yes / Yes,0.75,2.49%,20.56%,0.55,1081.06,-0.26%,3.96%,1.68%,May 01 BMO,273.30K,1085.74,1.35%,6.46%,2.97%,"

","150,348",0.43%,GWW,-0.0009
Etsy Inc,Consumer Cyclical,Internet Retail,USA,NASD,-,37.64,1.41,1.24%,105.13M,13.98%,5.53B,18.99,2.79,-6.20%,102.99M,14.87%,188.18M,3.69,0.48,117.95%,22.37%,3.52%,2.81B,1.96,-32.34%,-3.41%,4.88,1.32%,-8.66,-,75.47%,8.15%,23.04M,-12.59%,8.32,6.37,10.20%,-,40.05,66.93,0.19%,-,8.07,25.24%,12.79%,-20.83%,1.78,-,2.14,33.06%,72.50%,32.31%,1.95,-,2.14,-32.87%,14.87%,72.96,2.74%,2.22%,2420,-,2.18%,6.69%,2.68,48.70,Yes / Yes,-,-201.95%,0.00%,1.80,51.45,1.50%,-204.48%,0.81%,Apr 30 BMO,4.73M,52.99,12.24%,14.97%,3.14%,"

","8,409,846",2.99%,ETSY,-0.062
ITT Inc,Industrials,Specialty Industrial Machinery,USA,NYSE,-,24.03,6.28,0.76%,81.00M,1.33%,11.89B,21.10,7.16,0.00%,78.10M,10.34%,515.70M,2.52,1.61,96.61%,1.87%,7.39%,3.63B,3.27,9.22%,-1.84%,2.17,-4.63%,34.31,4.40,11.83%,11.17%,1.46M,9.79%,5.59,27.03,9.55%,19.27%,105.64,161.13,5.71%,1.36 (0.90%),24.50,11.41%,18.07%,-6.26%,1.36,1.31 (0.87%),0.80,5.43%,34.76%,42.98%,3.60,"Jun 02, 2025",1.19,23.25%,17.12%,62.95,1.79%,1.56%,11700,0.30,6.99%,14.19%,1.73,172.60,Yes / Yes,0.03,-1.15%,20.26%,0.45,150.91,0.49%,0.82%,0.26%,May 01 BMO,673.49K,151.04,2.39%,10.32%,5.70%,"

","305,988",0.09%,ITT,0.0
NXP Semiconductors NV,Technology,Semiconductors,Netherlands,NASD,"NDX, S&P 500",21.34,9.18,0.15%,253.15M,-4.61%,49.49B,14.24,13.76,-0.26%,252.26M,7.27%,2.36B,2.63,2.68,93.56%,2.94%,-9.67%,12.32B,4.02,-11.23%,-2.15%,2.18,-13.47%,36.82,5.32,18.40%,9.74%,7.41M,-29.32%,15.79,12.41,8.11%,26.02%,148.09,296.08,-5.75%,4.33 (2.21%),27.08,62.74%,12.08%,-33.84%,1.41,4.06 (2.07%),1.47,8.08%,55.16%,32.28%,7.79,"Mar 19, 2025",2.08,-15.29%,27.65%,49.55,2.50%,2.68%,33100,1.26,-7.21%,19.16%,1.53,231.03,Yes / Yes,1.10,-22.13%,41.24%,0.54,196.21,0.14%,1.34%,-9.31%,Apr 28 AMC,3.40M,195.89,-1.17%,3.15%,-9.86%,"

","1,851,499",-0.16%,NXPI,-0.0026
ASML Holding NV,Technology,Semiconductor Equipment & Materials,Netherlands,NASD,NDX,31.49,23.73,0.06%,393.28M,1.34%,293.81B,24.64,30.32,0.00%,393.06M,12.15%,9.33B,1.39,6.03,17.37%,0.73%,7.08%,32.95B,8.92,33.06%,-8.79%,1.75,11.02%,48.07,15.54,13.61%,20.44%,2.87M,-21.87%,25.00,29.88,22.58%,55.21%,578.51,1110.09,7.79%,8.17 (1.09%),29.02,24.74%,40.78%,-32.70%,1.74,6.95 (0.93%),0.91,19.23%,52.00%,29.14%,18.89,"Apr 28, 2025",1.52,21.29%,33.74%,58.82,2.13%,2.02%,44027,0.21,16.46%,28.32%,1.69,857.06,Yes / Yes,0.21,87.17%,28.35%,0.71,746.51,5.87%,10.87%,41.91%,Apr 16 BMO,1.64M,747.07,2.46%,7.80%,1.29%,"

","1,166,416",0.07%,ASML,0.0
Keysight Technologies Inc,Technology,Scientific & Technical Instruments,USA,NYSE,S&P 500,37.22,4.26,0.81%,172.10M,-2.35%,27.31B,20.11,7.89,-7.34%,170.70M,9.76%,742.00M,3.00,1.67,90.95%,1.38%,0.28%,5.11B,5.35,11.82%,-2.10%,2.25,-6.82%,31.82,4.99,12.54%,7.60%,2.35M,10.14%,18.12,8.76,12.41%,14.30%,119.72,186.20,-1.23%,-,20.29,1.53%,9.05%,-14.79%,1.10,-,2.74,3.36%,66.31%,32.53%,4.41,-,3.37,-7.04%,12.71%,55.79,1.58%,1.67%,15500,0.50,-1.16%,14.53%,1.73,188.27,Yes / Yes,0.50,106.94%,0.00%,0.93,158.54,1.87%,3.28%,7.40%,May 20 AMC,1.05M,158.66,0.56%,6.47%,0.87%,"

","973,731",0.08%,KEYS,-0.07339999999999999
PepsiCo Inc,Consumer Defensive,Beverages - Non-Alcoholic,USA,NASD,"NDX, S&P 500",19.40,6.80,0.35%,1.37B,1.36%,180.87B,15.77,8.36,-2.39%,1.37B,-1.78%,9.37B,6.76,2.03,76.12%,1.52%,-13.22%,91.52B,1.98,-3.29%,-0.56%,2.54,-18.57%,13.39,9.85,5.98%,9.29%,20.82M,-25.88%,6.26,21.08,2.87%,50.06%,127.75,180.91,-13.24%,5.60 (4.24%),24.89,5.98%,16.21%,-27.08%,0.47,5.42 (4.11%),0.65,6.54%,54.97%,3.26%,2.34,"Jun 06, 2025",0.83,2.23%,15.44%,45.06,1.08%,1.06%,319000,2.64,-0.38%,10.24%,2.61,147.39,Yes / Yes,2.14,-9.93%,76.68%,0.81,130.67,0.91%,-0.51%,-1.81%,Apr 24 BMO,8.21M,131.92,0.51%,-4.98%,-15.25%,"

","6,659,069",0.96%,PEP,-0.0239
Sap SE ADR,Technology,Software - Application,Germany,NYSE,-,57.00,5.21,0.01%,1.17B,-0.50%,346.40B,36.17,8.21,0.00%,1.17B,1.50%,6.14B,2.06,1.65,6.28%,0.12%,8.13%,37.72B,9.18,47.45%,1.48%,0.95,25.68%,42.33,7.02,17.88%,7.66%,1.46M,51.98%,12.02,24.70,27.69%,12.81%,179.43,304.43,20.60%,2.68 (0.90%),61.28,-1.42%,10.85%,-2.46%,1.32,2.54 (0.86%),1.17,3.85%,73.60%,65.48%,5.98,"May 13, 2025",1.17,201.10%,26.10%,57.18,1.80%,1.47%,109121,0.22,9.39%,16.29%,1.40,337.64,Yes / Yes,0.15,306.69%,65.77%,0.71,298.07,2.35%,11.69%,8.69%,Apr 22 AMC,1.54M,296.93,0.20%,6.67%,17.07%,"

","1,103,313",-0.38%,SAP,0.0
"C.H. Robinson Worldwide, Inc",Industrials,Integrated Freight & Logistics,USA,NASD,S&P 500,22.96,4.19,0.98%,118.96M,-1.11%,11.41B,17.57,5.47,-4.82%,117.57M,8.80%,508.09M,2.67,1.16,96.69%,5.13%,-3.16%,17.36B,0.66,4.20%,0.85%,4.03,-10.70%,14.58,6.59,16.37%,9.50%,6.03M,10.82%,1.09,87.81,8.59%,32.11%,82.16,114.82,-6.99%,2.51 (2.61%),18.07,-1.63%,17.37%,-16.30%,0.91,2.47 (2.57%),1.29,5.46%,7.90%,16.97%,2.28,"Jun 06, 2025",1.29,65.52%,4.26%,52.99,1.49%,2.16%,13781,1.00,-0.22%,2.93%,2.22,110.64,Yes / Yes,0.69,42.84%,63.75%,0.66,95.58,-4.87%,11.16%,-8.29%,Apr 30 AMC,1.50M,96.10,1.51%,1.72%,-5.57%,"

","993,634",0.54%,CHRW,-0.0482
"Cisco Systems, Inc",Technology,Communication Equipment,USA,NASD,"DJIA, NDX, S&P 500",25.84,2.44,0.26%,3.96B,-0.24%,249.68B,15.70,4.02,-1.34%,3.95B,9.96%,9.79B,4.98,0.98,78.51%,1.46%,-1.19%,55.62B,4.49,1.57%,0.57%,2.46,7.69%,11.60,5.44,6.01%,8.07%,57.51M,35.83%,4.33,14.56,5.19%,21.36%,44.50,66.50,6.50%,1.62 (2.56%),19.50,-0.54%,14.01%,-5.19%,0.88,1.61 (2.55%),0.83,0.90%,63.56%,41.69%,1.25,"Jul 03, 2025",0.91,-17.77%,21.76%,61.22,0.76%,1.41%,90400,0.67,0.47%,17.60%,2.04,70.76,Yes / Yes,0.52,33.99%,62.19%,0.59,63.34,0.72%,4.68%,11.39%,May 14 AMC,23.33M,63.05,2.12%,5.94%,9.38%,"

","13,984,561",-0.46%,CSCO,-0.0134
Polaris Inc,Consumer Cyclical,Recreational Vehicles,USA,NYSE,-,56.11,0.71,6.63%,56.20M,3.23%,2.24B,303.21,0.13,0.00%,52.47M,17.91%,40.20M,-,0.03,95.88%,16.37%,-11.06%,6.97B,0.32,-136.47%,8.87%,4.75,-41.30%,21.82,1.83,111.10%,0.73%,8.59M,-51.58%,5.19,7.69,-14.12%,3.09%,30.92,88.00,-30.77%,2.65 (6.65%),7.48,-17.81%,1.37%,-54.67%,1.05,2.65 (6.64%),0.37,1.85%,18.83%,29.01%,1.97,"Jun 02, 2025",1.12,-89.55%,2.03%,58.97,3.12%,2.83%,15000,1.78,-17.86%,0.58%,2.89,33.73,Yes / Yes,1.40,-1868.07%,135.34%,0.79,39.80,-0.18%,1.43%,-11.55%,Apr 29 BMO,1.81M,39.89,6.18%,6.99%,-31.75%,"

","1,429,985",0.23%,PII,0.0
Toronto Dominion Bank,Financial,Banks - Diversified,Canada,NYSE,-,10.05,6.84,0.20%,1.75B,6.11%,120.41B,11.09,6.20,0.00%,1.75B,8.65%,11.93B,1.71,1.46,53.36%,3.13%,14.97%,91.86B,1.31,3.33%,4.43%,26.72,22.40%,48.31,1.42,7.81%,0.84%,54.64M,21.53%,-,-,5.89%,14.27%,51.25,68.74,29.11%,3.03 (4.41%),6.81,-5.91%,8.70%,0.00%,0.82,2.24 (3.25%),-,17.03%,-,34.13%,0.96,"Jul 10, 2025",0.60,55.09%,15.45%,80.21,0.57%,0.98%,-,2.07,9.56%,12.99%,1.83,68.86,Yes / Yes,0.50,345.41%,86.29%,0.80,68.11,2.48%,10.98%,18.45%,May 22 BMO,2.05M,68.74,5.87%,10.86%,16.80%,"

","1,640,672",0.92%,TD,0.0
ExlService Holdings Inc,Technology,Information Technology Services,USA,NASD,RUT,34.74,1.32,3.82%,162.68M,0.15%,7.48B,21.54,2.14,-1.52%,156.47M,2.25%,216.09M,2.54,0.45,96.93%,5.29%,-5.04%,1.90B,3.93,13.66%,-0.31%,6.00,-0.48%,6.22,7.39,13.86%,13.87%,8.27M,48.50%,2.10,21.93,13.67%,23.81%,28.59,52.43,3.63%,-,30.45,25.37%,15.71%,-12.28%,0.83,-,3.39,13.56%,34.89%,60.86%,1.13,-,3.39,21.49%,14.68%,50.05,1.32%,1.59%,59500,0.38,14.18%,11.36%,1.55,54.29,Yes / Yes,0.36,38.29%,0.00%,0.92,46.16,2.18%,8.77%,14.78%,Apr 29 AMC,1.38M,45.99,-0.43%,0.47%,4.69%,"

","1,271,411",-0.37%,EXLS,-0.0152
Oracle Corp,Technology,Software - Infrastructure,USA,NYSE,S&P 500,38.27,4.26,41.24%,2.80B,3.64%,456.81B,24.48,6.65,-0.33%,1.65B,15.70%,12.16B,2.85,1.64,44.50%,1.48%,-1.13%,55.78B,8.19,7.43%,-0.34%,2.37,-15.28%,5.97,27.29,11.40%,8.15%,24.41M,32.54%,6.36,25.63,13.44%,108.79%,114.55,198.31,-2.24%,1.62 (1.00%),78.60,4.54%,11.60%,-17.86%,1.32,1.70 (1.04%),1.02,6.21%,66.63%,42.21%,4.37,"Apr 10, 2025",1.02,17.53%,31.80%,64.29,2.11%,1.96%,159000,5.75,6.23%,21.80%,1.85,177.10,Yes / Yes,5.27,19.95%,43.15%,0.67,163.85,-1.71%,-1.49%,6.40%,Mar 10 AMC,10.30M,162.90,4.27%,11.86%,0.77%,"

","6,995,831",-0.58%,ORCL,-0.0033
Texas Instruments Inc,Technology,Semiconductors,USA,NASD,"NDX, S&P 500",35.05,5.28,0.17%,909.00M,-0.23%,168.06B,27.75,6.67,-24.62%,906.95M,15.07%,4.85B,2.40,1.34,87.65%,2.50%,-3.30%,16.05B,10.47,6.33%,-0.83%,2.75,-6.57%,18.05,10.25,20.55%,14.13%,22.72M,-7.12%,5.51,33.58,14.61%,29.04%,139.95,220.38,-1.34%,5.48 (2.96%),115.50,-0.16%,16.57%,-16.06%,1.00,5.38 (2.91%),3.37,2.67%,58.02%,32.18%,5.60,"Apr 30, 2025",5.26,-17.82%,34.29%,59.99,2.48%,2.62%,34000,0.78,-4.48%,30.21%,2.59,177.52,Yes / Yes,0.78,6.75%,101.23%,0.55,184.15,4.12%,19.45%,11.14%,Apr 23 AMC,8.25M,184.99,3.94%,8.98%,-2.63%,"

","4,534,852",0.46%,TXN,-0.2462
Applied Materials Inc,Technology,Semiconductor Equipment & Materials,USA,NASD,"NDX, S&P 500",19.41,8.22,0.27%,802.50M,-1.70%,127.98B,15.80,10.09,2.33%,800.37M,6.64%,6.76B,2.25,2.35,80.70%,2.20%,1.81%,28.08B,4.56,9.88%,-3.08%,2.22,-8.81%,23.63,6.75,6.20%,20.61%,17.60M,-27.80%,8.41,18.97,8.64%,36.37%,123.74,255.89,-1.94%,1.71 (1.07%),21.84,24.62%,27.30%,-37.68%,1.67,1.66 (1.04%),1.76,13.78%,48.14%,28.89%,5.45,"May 22, 2025",2.46,-5.66%,29.67%,51.10,2.05%,2.67%,35700,0.35,6.12%,24.07%,1.78,198.66,Yes / Yes,0.31,27.77%,17.66%,0.86,161.59,-0.40%,3.28%,6.98%,May 15 AMC,7.92M,159.48,-1.23%,5.28%,-8.12%,"

","6,846,250",-1.31%,AMAT,0.0233
Booking Holdings Inc,Consumer Cyclical,Travel Services,USA,NASD,"NDX, S&P 500",34.23,160.73,0.22%,32.70M,3.94%,179.04B,22.22,247.57,-1.80%,32.47M,12.07%,5.44B,2.17,49.81,93.66%,1.82%,11.87%,24.09B,7.43,15.13%,-1.34%,2.15,6.27%,-186.92,-,14.93%,19.81%,0.59M,44.97%,478.73,11.49,15.77%,-,3180.00,5505.00,10.74%,38.32 (0.70%),21.11,9.08%,55.88%,-0.05%,1.41,35.85 (0.65%),1.22,19.69%,97.01%,73.02%,116.73,"Jun 06, 2025",1.22,20.70%,32.77%,71.13,1.02%,1.15%,24300,-,9.47%,22.58%,1.70,5553.34,Yes / Yes,-,-55.00%,20.27%,0.70,5475.26,3.61%,43.11%,7.86%,Apr 29 AMC,275.10K,5502.00,4.40%,12.62%,18.03%,"

","193,731",0.49%,BKNG,-0.018000000000000002
Danaher Corp,Healthcare,Diagnostics & Research,USA,NYSE,S&P 500,36.93,5.16,8.93%,715.60M,1.96%,136.31B,22.22,8.57,-1.95%,651.77M,-4.25%,3.77B,4.48,1.64,81.69%,1.14%,-7.41%,23.82B,5.72,2.90%,-0.33%,1.77,-19.24%,71.06,2.68,11.34%,4.63%,7.45M,-27.52%,2.78,68.40,8.24%,7.22%,171.00,281.70,-17.02%,1.22 (0.64%),27.81,9.03%,5.63%,-32.39%,0.78,1.13 (0.59%),1.05,7.33%,59.80%,11.39%,6.11,"Jun 27, 2025",1.43,-12.75%,21.67%,47.57,1.70%,2.69%,63000,0.35,-9.19%,15.81%,1.30,244.65,Yes / Yes,0.31,-8.94%,20.42%,0.67,189.01,3.04%,15.52%,-0.95%,Apr 22 BMO,4.20M,190.47,-1.18%,-2.49%,-17.51%,"

","2,814,483",0.77%,DHR,-0.0195
Mastercard Incorporated,Financial,Credit Services,USA,NYSE,S&P 500,40.53,14.26,9.66%,903.00M,1.45%,524.65B,31.04,18.61,-0.12%,820.29M,7.06%,13.14B,2.86,4.03,80.85%,0.73%,2.29%,29.05B,18.06,9.18%,-1.01%,2.09,10.93%,7.33,78.82,16.76%,28.86%,6.02M,28.06%,9.25,62.45,14.17%,188.92%,428.86,588.45,9.73%,3.03 (0.52%),35.04,11.82%,51.60%,-1.81%,1.04,2.84 (0.49%),1.11,11.37%,96.71%,34.72%,10.05,"Apr 09, 2025",1.11,13.22%,57.69%,60.63,1.26%,1.08%,35300,2.82,12.94%,45.24%,1.73,625.91,Yes / Yes,2.82,11.44%,19.73%,0.46,575.92,2.38%,4.27%,14.08%,May 01 BMO,2.88M,577.78,1.18%,6.06%,10.08%,"

","1,347,855",0.32%,MA,-0.0012
Tractor Supply Co,Consumer Cyclical,Specialty Retail,USA,NASD,S&P 500,24.35,2.01,0.33%,531.24M,-2.14%,25.96B,21.27,2.30,-7.45%,528.44M,-1.80%,1.08B,3.02,0.80,99.28%,8.61%,-10.51%,14.96B,1.74,2.09%,0.20%,8.23,-13.08%,4.21,11.62,10.54%,10.86%,45.50M,-13.17%,0.44,112.05,8.07%,49.62%,46.85,61.53,-7.71%,0.92 (1.89%),42.42,16.98%,14.25%,-20.41%,0.74,0.90 (1.84%),0.17,12.67%,33.22%,4.52%,1.38,"May 28, 2025",1.41,-2.13%,9.72%,39.57,1.68%,1.52%,52000,2.57,2.07%,7.24%,2.31,54.89,Yes / Yes,2.39,-8.05%,43.12%,1.02,49.06,-1.86%,-7.63%,2.12%,Apr 24 BMO,5.53M,48.97,-4.08%,-4.86%,-10.17%,"

","5,663,802",-0.18%,TSCO,-0.0745
"Ecolab, Inc",Basic Materials,Specialty Chemicals,USA,NYSE,S&P 500,35.95,7.35,10.49%,283.51M,1.28%,74.93B,31.30,8.44,-0.11%,253.76M,7.04%,2.10B,2.69,1.89,80.37%,0.99%,-1.08%,15.68B,4.78,12.64%,0.13%,1.78,7.74%,31.31,8.44,12.72%,9.63%,2.52M,12.80%,4.10,64.45,13.37%,24.62%,220.96,273.69,12.79%,2.60 (0.98%),49.85,6.70%,12.77%,-3.43%,1.04,2.44 (0.92%),0.98,4.80%,43.71%,19.61%,4.60,"Jun 17, 2025",1.32,36.31%,16.91%,63.91,1.11%,0.93%,48000,0.94,1.19%,13.41%,2.14,278.70,Yes / Yes,0.86,-1.47%,32.02%,0.73,262.75,-0.02%,0.29%,-1.52%,May 08 BMO,1.42M,264.29,2.73%,6.19%,5.92%,"

","1,036,302",0.59%,ECL,-0.0011
"Gilead Sciences, Inc",Healthcare,Drug Manufacturers - General,USA,NASD,"NDX, S&P 500",23.36,4.76,0.16%,1.25B,3.15%,138.21B,13.04,8.52,-23.03%,1.24B,6.62%,5.96B,0.91,1.96,86.75%,1.99%,-0.79%,28.69B,4.82,73.01%,-0.48%,2.54,23.20%,15.39,7.22,6.63%,10.58%,24.68M,69.17%,7.34,15.14,25.74%,32.51%,62.07,119.96,20.29%,3.23 (2.91%),14.04,-38.13%,14.44%,-7.38%,0.31,3.10 (2.79%),1.23,5.30%,78.25%,79.01%,3.16,"Jun 13, 2025",1.37,1144.01%,38.01%,61.14,1.31%,2.71%,17600,1.30,4.63%,20.79%,1.87,116.05,Yes / Yes,1.16,131.24%,805.23%,0.57,108.44,-2.11%,1.66%,-0.60%,Apr 24 AMC,9.70M,111.11,7.16%,5.23%,16.76%,"

","5,597,110",2.46%,GILD,-0.2303
"Marriott International, Inc",Consumer Cyclical,Lodging,USA,NASD,"NDX, S&P 500",30.02,8.78,17.39%,275.00M,1.12%,72.20B,23.27,11.33,-0.07%,226.26M,9.99%,2.48B,2.84,2.61,60.69%,2.48%,-4.91%,25.39B,2.84,7.78%,-0.08%,2.80,-7.27%,-11.52,-,12.65%,9.45%,5.61M,11.42%,1.91,138.05,10.58%,-,204.55,307.52,-5.50%,2.63 (1.00%),39.22,17.02%,21.12%,-14.28%,1.42,2.56 (0.97%),0.45,10.28%,19.57%,28.87%,6.41,"May 23, 2025",0.45,-9.50%,15.40%,57.01,1.98%,1.87%,418000,-,5.45%,9.75%,2.41,280.24,Yes / Yes,-,23.81%,28.94%,0.47,264.53,1.23%,2.98%,4.79%,May 06 BMO,2.01M,263.61,0.55%,8.09%,1.41%,"

","949,722",-0.35%,MAR,-0.0007000000000000001
Union Pacific Corp,Industrials,Railroads,USA,NYSE,S&P 500,20.05,11.10,0.28%,598.99M,-0.50%,132.94B,17.38,12.80,-0.83%,595.80M,3.71%,6.73B,2.46,2.84,82.70%,1.09%,-9.21%,24.25B,5.48,3.80%,-0.77%,2.09,-8.20%,26.78,8.31,11.19%,9.92%,6.51M,-4.11%,2.40,92.71,8.16%,42.47%,204.66,258.07,-2.43%,5.39 (2.42%),22.64,5.75%,14.20%,-13.78%,1.05,5.36 (2.41%),0.61,2.64%,45.39%,8.72%,4.41,"May 30, 2025",0.73,5.93%,39.91%,48.73,0.83%,1.80%,30336,2.11,0.63%,27.77%,1.90,254.12,Yes / Yes,1.96,0.45%,47.63%,0.95,222.18,-0.64%,-1.30%,-0.07%,Apr 24 BMO,3.12M,222.51,-0.09%,-0.39%,-5.96%,"

","2,980,624",0.15%,UNP,-0.0083
Amazon.com Inc,Consumer Cyclical,Internet Retail,USA,NASD,"DJIA, NDX, S&P 500",33.55,6.13,10.58%,10.61B,2.28%,2183.78B,28.36,7.25,-0.02%,9.49B,9.77%,65.94B,1.96,1.32,64.43%,0.75%,-1.46%,650.31B,3.36,11.88%,-0.84%,1.40,4.35%,28.82,7.14,17.23%,11.23%,71.50M,13.80%,9.25,22.23,17.16%,25.24%,151.61,242.52,-6.24%,-,104.94,36.89%,15.02%,-15.18%,1.34,-,0.84,18.31%,49.16%,35.68%,6.05,-,1.05,71.88%,11.15%,58.85,1.57%,2.24%,1556000,0.49,10.08%,10.14%,1.23,237.79,Yes / Yes,0.44,62.33%,0.00%,0.67,204.72,0.33%,16.38%,8.62%,May 01 AMC,51.06M,205.70,2.89%,7.30%,2.24%,"

","34,700,004",0.48%,AMZN,-0.0002
MarketAxess Holdings Inc,Financial,Capital Markets,USA,NASD,S&P 500,37.18,5.76,2.23%,37.57M,-2.53%,8.03B,25.14,8.51,-0.18%,36.67M,-3.43%,216.63M,3.17,1.97,100.13%,2.87%,11.88%,813.88M,9.86,4.09%,-1.12%,1.64,-17.77%,35.86,5.97,12.36%,11.39%,1.05M,-1.30%,14.46,14.80,11.71%,16.25%,186.84,296.68,-5.29%,3.06 (1.43%),22.20,6.16%,16.08%,-27.84%,0.84,3.00 (1.40%),2.37,10.48%,79.83%,14.58%,5.38,"May 21, 2025",2.37,-15.53%,41.52%,43.80,0.91%,1.81%,891,0.05,7.22%,26.62%,2.44,233.08,Yes / Yes,0.00,-79.07%,40.67%,0.87,214.63,-0.67%,3.37%,-2.23%,May 07 BMO,643.29K,214.07,-2.80%,-1.89%,-9.07%,"

","559,029",-0.26%,MKTX,-0.0018
Sherwin-Williams Co,Basic Materials,Specialty Chemicals,USA,NYSE,"DJIA, S&P 500",33.66,10.57,7.08%,250.60M,0.51%,89.15B,26.78,13.29,-0.02%,232.87M,2.19%,2.68B,3.43,3.80,82.08%,2.39%,0.07%,23.04B,3.87,5.11%,-1.33%,3.09,-8.38%,16.48,21.59,11.56%,11.15%,5.56M,16.70%,0.80,446.20,9.82%,70.22%,282.09,400.42,4.65%,3.09 (0.87%),40.98,13.93%,19.81%,-11.16%,1.21,3.01 (0.85%),0.45,5.31%,48.72%,26.11%,7.05,"May 16, 2025",0.77,12.82%,16.65%,53.57,1.32%,1.22%,63890,3.10,0.26%,11.63%,2.07,388.71,Yes / Yes,2.28,1.04%,27.10%,0.40,354.73,-1.73%,4.48%,-1.15%,Apr 29 BMO,1.80M,355.75,-0.10%,3.21%,-1.11%,"

","726,443",0.29%,SHW,-0.0002
Taiwan Semiconductor Manufacturing ADR,Technology,Semiconductors,Taiwan,NYSE,-,25.37,7.77,0.11%,5.19B,2.81%,1022.40B,18.25,10.80,0.00%,5.18B,19.86%,40.30B,1.15,2.30,16.16%,0.58%,8.87%,96.70B,10.57,36.06%,-1.05%,1.77,3.72%,26.72,7.38,15.57%,20.37%,30.09M,23.22%,15.70,12.56,22.09%,32.11%,133.57,226.40,-0.17%,2.77 (1.40%),32.93,26.75%,23.98%,-12.92%,1.28,2.45 (1.24%),2.18,22.25%,56.02%,47.60%,5.42,"Jun 12, 2025",2.39,47.97%,47.19%,66.20,2.17%,2.18%,-,0.24,35.45%,41.68%,1.23,221.78,Yes / Yes,0.22,53.28%,29.11%,0.82,196.14,1.35%,3.48%,35.36%,Apr 17 AMC,16.97M,197.15,5.18%,14.53%,6.37%,"

","14,624,606",0.51%,TSM,0.0
"Lowe's Cos., Inc",Consumer Cyclical,Home Improvement Retail,USA,NYSE,S&P 500,18.63,12.07,0.12%,560.00M,-1.07%,125.89B,16.86,13.34,0.15%,559.05M,0.74%,6.83B,2.64,4.26,77.61%,1.61%,-8.38%,83.24B,1.51,2.35%,0.34%,3.23,-15.02%,-23.67,-,8.82%,15.05%,9.01M,4.52%,6.11,36.79,7.06%,-,206.38,287.01,-8.86%,4.72 (2.10%),18.85,17.37%,32.57%,-21.63%,0.92,4.60 (2.05%),0.19,3.66%,31.27%,8.99%,5.31,"Apr 23, 2025",1.01,-2.98%,12.17%,48.18,1.44%,1.59%,270000,-,-2.52%,8.20%,2.05,265.00,Yes / Yes,-,-4.56%,37.24%,0.98,224.52,-0.03%,1.32%,-2.03%,May 21 BMO,2.79M,224.93,-0.91%,-0.08%,-9.67%,"

","2,739,534",0.18%,LOW,0.0015
Anheuser-Busch InBev SA/NV ADR,Consumer Defensive,Beverages - Brewers,Belgium,NYSE,-,24.63,2.86,0.00%,1.75B,2.51%,123.67B,16.87,4.18,-,1.75B,8.57%,5.85B,2.40,0.96,6.32%,0.35%,18.52%,59.75B,2.07,5.11%,2.85%,2.57,28.87%,44.62,1.58,12.65%,2.72%,6.15M,8.44%,6.50,10.85,10.27%,7.31%,45.94,70.72,40.86%,1.23 (1.74%),11.06,-8.76%,3.93%,-0.27%,0.84,1.05 (1.49%),0.54,3.05%,55.25%,53.53%,0.98,"May 07, 2025",0.70,10.02%,24.57%,70.92,0.91%,1.12%,143885,0.92,0.64%,9.80%,1.41,80.00,Yes / Yes,0.90,-1.76%,26.66%,0.86,69.77,-1.23%,9.16%,-0.56%,May 08 BMO,2.39M,70.53,4.47%,8.77%,18.92%,"

","2,067,634",1.09%,BUD,
Air Products & Chemicals Inc,Basic Materials,Specialty Chemicals,USA,NYSE,S&P 500,39.70,6.88,0.88%,222.54M,1.30%,60.79B,20.93,13.05,-1.86%,220.58M,0.83%,1.55B,9.32,2.98,92.58%,2.16%,-12.56%,12.02B,5.06,-3.01%,1.89%,3.77,-17.68%,66.07,4.13,8.27%,4.14%,4.75M,3.23%,7.20,37.93,4.26%,10.45%,243.69,341.14,-5.82%,7.26 (2.66%),-,16.77%,5.23%,-19.92%,0.86,7.10 (2.60%),0.85,6.83%,32.01%,12.10%,6.30,"Jul 01, 2025",1.00,-37.71%,23.51%,50.09,1.13%,1.35%,23000,1.12,-1.09%,12.87%,2.00,318.05,Yes / Yes,1.01,-402.20%,40.94%,1.03,271.76,-0.08%,-4.93%,-0.50%,May 01 BMO,1.26M,273.17,0.23%,-0.56%,-8.24%,"

","1,291,751",0.52%,APD,-0.018600000000000002
MSCI Inc,Financial,Financial Data & Stock Exchanges,USA,NYSE,S&P 500,38.92,14.54,3.39%,77.60M,1.05%,43.79B,30.06,18.83,-0.26%,74.75M,4.73%,1.14B,3.34,4.09,93.88%,2.03%,-2.63%,2.92B,14.99,10.62%,0.14%,2.70,-4.00%,-12.35,-,11.99%,21.10%,1.51M,14.81%,4.66,121.42,11.64%,-,475.32,642.45,-5.67%,7.47 (1.32%),29.95,16.34%,30.80%,-11.90%,1.33,6.80 (1.20%),0.84,12.96%,75.71%,19.08%,11.08,"May 16, 2025",0.84,-0.89%,53.79%,54.46,1.10%,1.12%,6132,-,11.67%,39.08%,1.86,621.07,Yes / Yes,-,15.22%,45.56%,0.95,562.68,0.32%,2.02%,9.69%,Apr 22 BMO,561.06K,566.00,0.77%,2.35%,-2.06%,"

","531,852",0.59%,MSCI,-0.0026
U.S. Bancorp,Financial,Banks - Regional,USA,NYSE,S&P 500,10.83,4.04,0.26%,1.56B,2.03%,68.18B,9.13,4.79,-5.16%,1.55B,8.05%,6.30B,0.93,1.07,80.30%,1.39%,-5.45%,42.02B,1.62,14.35%,-1.84%,1.88,-16.63%,34.15,1.28,10.55%,0.98%,21.67M,7.97%,-,-,11.64%,11.50%,35.18,53.98,-8.51%,2.03 (4.64%),8.19,-1.86%,5.25%,-18.93%,1.02,1.99 (4.55%),-,12.09%,-,24.39%,0.96,"Mar 31, 2025",0.58,34.00%,19.92%,57.92,1.40%,1.65%,70263,1.28,2.19%,15.00%,2.04,49.43,Yes / Yes,1.00,32.51%,52.31%,0.55,43.23,0.72%,5.17%,-2.64%,Apr 16 BMO,11.53M,43.76,1.67%,5.90%,-4.51%,"

","6,373,152",1.23%,USB,-0.0516
Canadian Pacific Kansas City Limited,Industrials,Railroads,Canada,NYSE,-,24.94,3.26,0.05%,930.40M,0.23%,75.56B,20.71,3.92,0.00%,930.02M,12.67%,3.04B,1.93,0.82,72.39%,0.92%,6.13%,11.80B,6.40,10.83%,-0.50%,2.29,5.89%,51.86,1.57,14.92%,4.10%,8.54M,1.73%,0.75,108.72,12.90%,7.62%,66.49,87.72,12.22%,0.60 (0.74%),42.11,1.85%,4.39%,-7.42%,1.10,0.54 (0.67%),0.70,13.31%,39.10%,22.14%,1.53,"Jun 27, 2025",0.81,5.04%,36.63%,67.02,0.41%,1.55%,20144,0.47,15.29%,25.79%,1.59,89.62,Yes / Yes,0.44,58.37%,19.10%,0.56,80.75,1.40%,2.39%,45.40%,Apr 30 AMC,3.72M,81.21,3.90%,8.95%,4.88%,"

","2,109,922",0.57%,CP,0.0
Intuit Inc,Technology,Software - Application,USA,NASD,"NDX, S&P 500",61.62,12.29,2.64%,279.07M,14.73%,211.22B,32.97,22.97,-8.11%,271.60M,21.51%,3.47B,3.88,2.65,85.22%,1.37%,26.12%,18.18B,11.62,18.65%,-0.20%,2.01,18.29%,72.11,10.50,14.27%,10.18%,3.72M,24.75%,22.13,34.21,15.88%,17.84%,532.65,758.77,20.48%,3.97 (0.52%),34.62,12.08%,13.02%,-0.20%,1.28,4.02 (0.53%),1.45,19.40%,76.79%,42.16%,17.90,"Jul 10, 2025",1.45,12.89%,25.68%,81.11,3.59%,2.13%,18800,0.35,14.99%,19.07%,1.54,804.19,Yes / Yes,0.32,18.88%,34.51%,0.86,754.45,2.46%,6.55%,15.10%,May 22 AMC,1.85M,757.22,12.85%,20.67%,21.02%,"

","1,589,803",0.37%,INTU,-0.08109999999999999
Carlisle Companies Inc,Industrials,Building Products & Equipment,USA,NYSE,-,10.58,36.61,1.20%,43.30M,-0.43%,16.75B,15.48,25.02,-0.23%,42.73M,2.15%,1.73B,0.89,6.68,97.63%,6.35%,15.59%,5.00B,3.35,9.36%,2.81%,5.84,-13.86%,50.03,7.74,13.25%,13.75%,2.71M,-9.48%,5.09,76.08,11.84%,33.11%,311.41,481.26,5.02%,4.10 (1.06%),22.34,17.24%,42.57%,-19.52%,1.06,4.00 (1.03%),1.69,2.04%,35.62%,24.38%,9.54,"May 19, 2025",2.58,135.52%,21.93%,51.74,2.41%,1.60%,5700,0.87,-0.14%,34.52%,2.00,436.67,Yes / Yes,0.87,-19.23%,20.38%,0.50,388.12,0.65%,5.69%,-0.06%,Apr 23 AMC,464.19K,387.34,-1.46%,5.59%,-2.18%,"

","232,760",-0.20%,CSL,-0.0023
"Idexx Laboratories, Inc",Healthcare,Diagnostics & Research,USA,NASD,"NDX, S&P 500",47.64,10.82,1.03%,80.74M,2.93%,41.46B,37.76,13.65,-2.27%,79.59M,17.98%,894.97M,3.59,3.28,94.41%,3.80%,16.90%,3.93B,10.55,13.90%,3.08%,3.59,23.56%,17.93,28.75,12.33%,27.26%,3.03M,-0.18%,2.04,252.86,13.28%,59.33%,356.14,530.60,24.70%,-,48.91,16.90%,44.86%,-2.84%,1.55,-,0.76,10.23%,61.33%,44.76%,12.90,-,1.10,4.66%,29.20%,67.30,1.65%,2.32%,11000,0.73,5.56%,22.76%,2.00,537.44,Yes / Yes,0.38,5.57%,0.00%,0.43,514.33,0.13%,3.93%,3.56%,May 01 BMO,842.77K,515.55,3.00%,15.02%,14.57%,"

","362,425",0.24%,IDXX,-0.0227
Northern Trust Corp,Financial,Asset Management,USA,NASD,S&P 500,10.02,10.71,1.70%,194.54M,1.88%,20.88B,12.58,8.53,-1.77%,191.22M,14.11%,2.15B,-,2.01,86.00%,3.23%,-1.65%,15.48B,1.35,-18.30%,-0.91%,4.13,-1.96%,61.65,1.74,6.87%,1.36%,6.18M,28.82%,-,-,-1.98%,17.54%,79.68,114.67,4.70%,3.06 (2.86%),5.77,8.07%,10.87%,-6.41%,1.24,3.00 (2.80%),-,20.20%,-,34.70%,2.53,"Jun 06, 2025",1.94,137.62%,18.33%,62.97,2.10%,1.67%,23300,1.25,21.00%,13.88%,3.18,104.96,Yes / Yes,0.54,98.51%,30.70%,0.94,106.76,-0.37%,2.77%,0.33%,Apr 22 BMO,1.50M,107.32,3.40%,10.13%,7.39%,"

","1,410,916",0.52%,NTRS,-0.0177
Ametek Inc,Industrials,Specialty Industrial Machinery,USA,NYSE,S&P 500,29.48,6.11,0.48%,230.88M,1.33%,41.57B,23.70,7.60,-0.18%,229.78M,7.29%,1.42B,4.85,1.70,88.56%,1.18%,-3.89%,6.94B,5.99,3.64%,0.58%,1.93,-8.79%,43.18,4.17,7.32%,9.53%,2.71M,3.67%,1.73,104.18,6.08%,14.96%,145.02,198.33,-0.12%,1.21 (0.67%),24.26,9.56%,12.20%,-9.22%,1.11,1.15 (0.64%),0.86,6.71%,36.18%,24.15%,3.47,"Jun 13, 2025",1.41,7.29%,26.20%,59.57,1.24%,1.41%,21500,0.22,2.98%,20.43%,1.84,195.60,Yes / Yes,0.16,13.36%,18.90%,0.90,178.97,-0.65%,3.63%,-0.24%,May 01 BMO,1.41M,180.04,2.09%,5.89%,1.90%,"

","1,269,931",0.60%,AME,-0.0018
"McCormick & Co., Inc",Consumer Defensive,Packaged Foods,USA,NYSE,S&P 500,24.91,2.91,5.98%,252.68M,0.01%,19.45B,21.86,3.32,-0.89%,252.16M,-4.58%,784.80M,3.57,0.67,83.51%,1.98%,-11.13%,6.73B,2.89,3.28%,2.39%,1.99,-6.48%,20.22,3.59,8.92%,6.09%,4.98M,0.47%,0.38,189.21,6.97%,14.73%,66.88,86.24,-4.84%,1.80 (2.48%),29.97,2.22%,9.21%,-15.87%,0.68,1.74 (2.40%),0.25,4.78%,38.59%,8.47%,1.59,"Apr 07, 2025",0.65,15.26%,15.72%,42.67,1.04%,1.33%,14100,0.79,0.40%,11.67%,2.59,85.27,Yes / Yes,0.57,-1.75%,57.44%,1.20,71.38,-0.40%,-6.70%,0.17%,Mar 25 BMO,2.51M,72.55,-2.14%,-4.84%,-7.30%,"

","3,000,229",1.64%,MKC,-0.0089
Allegion plc,Industrials,Security & Protection Services,Ireland,NYSE,S&P 500,20.13,7.12,0.42%,86.06M,0.98%,12.34B,17.05,8.41,1.93%,85.69M,3.73%,621.90M,2.98,1.99,100.21%,3.37%,12.53%,3.82B,3.23,4.03%,1.23%,2.70,1.39%,18.67,7.68,7.33%,14.05%,2.89M,16.92%,5.75,24.94,6.76%,42.05%,113.27,156.10,9.70%,1.96 (1.37%),19.45,9.70%,16.84%,-8.17%,1.04,1.95 (1.36%),1.51,5.95%,44.49%,26.56%,2.72,"Jun 13, 2025",2.17,16.27%,21.07%,59.11,1.39%,1.06%,14400,1.34,5.48%,16.28%,2.69,141.00,Yes / Yes,1.30,21.64%,28.15%,0.82,143.10,2.28%,11.22%,5.37%,Apr 24 BMO,1.07M,143.35,0.82%,6.92%,5.47%,"

","875,341",0.17%,ALLE,0.019299999999999998
Fair Isaac Corp,Technology,Software - Application,USA,NYSE,S&P 500,72.58,23.22,2.84%,24.35M,-1.34%,41.02B,46.43,36.29,-5.30%,23.65M,-14.10%,577.09M,2.93,7.68,88.33%,2.89%,-8.23%,1.84B,22.29,22.65%,1.04%,2.84,-28.46%,-46.16,-,24.64%,32.61%,0.68M,21.69%,6.02,279.70,24.78%,-,1266.72,2402.51,-15.37%,-,59.82,26.38%,40.93%,-29.87%,1.28,-,2.11,8.25%,80.81%,33.02%,107.30,"Mar 01, 2017",2.11,21.81%,44.15%,37.62,8.44%,5.57%,3586,-,14.72%,31.36%,2.27,2196.06,Yes / Yes,-,27.66%,0.00%,2.37,1619.94,-0.21%,4.44%,14.97%,Apr 29 AMC,240.72K,1685.00,-14.46%,-11.79%,-13.54%,"

","558,608",4.02%,FICO,-0.053
Meta Platforms Inc,Communication Services,Internet Content & Information,USA,NASD,"NDX, S&P 500",25.16,25.64,13.78%,2.18B,1.50%,1621.75B,22.81,28.28,-0.53%,2.17B,16.34%,66.64B,2.50,5.79,68.15%,1.64%,-2.00%,170.36B,9.52,7.14%,-0.87%,2.02,15.36%,73.34,8.80,10.61%,26.49%,35.57M,34.89%,27.96,23.07,10.07%,39.83%,442.65,740.91,10.17%,1.73 (0.27%),31.00,29.99%,28.65%,-12.94%,1.26,2.02 (0.31%),2.66,19.06%,81.75%,45.72%,18.68,"Mar 14, 2025",2.66,47.56%,43.00%,62.98,1.60%,2.40%,74067,0.27,19.37%,39.11%,1.39,696.50,Yes / Yes,0.26,36.38%,8.38%,0.50,643.58,2.36%,22.83%,16.07%,Apr 30 AMC,17.60M,645.05,3.29%,10.94%,8.78%,"

","8,883,436",0.23%,META,-0.0053
Coca-Cola Co,Consumer Defensive,Beverages - Non-Alcoholic,USA,NYSE,"DJIA, S&P 500",28.62,2.50,0.77%,4.30B,-0.50%,307.71B,22.35,3.20,-1.64%,4.27B,-1.19%,10.78B,4.71,0.83,74.15%,0.87%,0.87%,46.67B,6.59,3.01%,0.62%,2.07,11.84%,6.09,11.74,7.82%,10.72%,36.96M,15.31%,3.20,22.32,6.08%,40.98%,60.62,74.38,14.82%,2.03 (2.84%),-,3.54%,15.46%,-3.89%,0.46,1.96 (2.75%),0.89,5.10%,61.17%,17.94%,1.15,"Jun 13, 2025",1.10,0.28%,24.71%,51.08,0.76%,1.17%,69700,1.87,1.15%,23.11%,1.50,79.50,Yes / Yes,1.66,5.03%,78.83%,0.57,71.15,0.52%,2.21%,-0.86%,Apr 29 BMO,17.88M,71.49,0.37%,0.46%,5.17%,"

","10,294,095",0.48%,KO,-0.016399999999999998
Sony Group Corporation ADR,Technology,Consumer Electronics,Japan,NYSE,-,21.54,1.24,0.00%,6.03B,6.95%,160.39B,19.59,1.36,-,6.02B,3.38%,7.50B,6.95,0.24,7.87%,0.14%,6.35%,84.99B,1.89,-2.37%,1.57%,1.25,39.66%,9.08,2.93,7.90%,3.25%,8.26M,65.77%,3.81,6.98,3.10%,14.32%,15.67,26.60,25.80%,0.16 (0.60%),9.81,7.37%,10.95%,0.08%,0.97,0.07 (0.25%),0.57,2.67%,34.85%,69.90%,0.62,"Sep 30, 2024",0.70,14.01%,10.88%,64.04,2.04%,1.83%,113000,0.51,-5.46%,8.83%,1.71,29.19,Yes / Yes,0.25,3.48%,7.50%,1.63,26.30,-12.01%,30.41%,-26.39%,May 14 BMO,6.63M,26.62,5.42%,7.91%,24.08%,"

","10,688,720",1.22%,SONY,
Interactive Brokers Group Inc,Financial,Capital Markets,USA,NASD,-,28.89,7.24,2.92%,108.94M,1.96%,88.45B,26.92,7.77,0.00%,105.78M,21.84%,793.00M,4.01,1.81,88.37%,2.35%,2.85%,9.53B,9.28,4.59%,0.23%,1.20,9.23%,41.32,5.06,5.73%,0.55%,2.48M,63.52%,170.53,1.23,7.20%,19.26%,103.69,236.53,18.47%,1.24 (0.59%),6.73,27.01%,17.23%,-11.51%,1.25,1.07 (0.51%),1.08,32.33%,94.11%,101.85%,6.26,"May 30, 2025",1.08,23.59%,83.99%,66.96,1.71%,1.98%,2998,3.78,14.67%,8.32%,1.50,201.75,Yes / Yes,0.02,19.81%,12.27%,0.46,210.81,1.28%,-2.27%,6.18%,Apr 15 AMC,2.08M,209.30,5.90%,16.91%,21.33%,"

","965,749",-0.72%,IBKR,0.0
Constellation Brands Inc,Consumer Defensive,Beverages - Brewers,USA,NYSE,S&P 500,-,-0.49,23.19%,178.19M,-3.23%,31.99B,12.96,13.87,-0.01%,136.72M,-3.53%,-81.40M,-,3.43,83.69%,3.73%,3.73%,10.21B,3.13,-7.34%,-3.79%,2.35,-25.01%,38.62,4.65,8.64%,-0.34%,5.10M,-27.68%,0.38,469.77,-,-0.98%,160.46,265.70,-18.68%,4.16 (2.32%),16.51,-48.41%,-0.49%,-32.36%,0.70,4.05 (2.25%),0.56,5.20%,50.96%,12.00%,4.21,"Apr 29, 2025",0.92,-105.65%,35.52%,39.20,2.20%,1.50%,10600,1.76,2.47%,-0.80%,2.00,206.90,Yes / Yes,1.43,-197.58%,37.91%,0.98,178.73,1.80%,15.61%,1.16%,Apr 09 AMC,2.17M,179.71,-4.16%,-2.70%,-15.18%,"

","2,122,059",0.55%,STZ,-0.0001
Rockwell Automation Inc,Industrials,Specialty Industrial Machinery,USA,NYSE,S&P 500,39.65,7.94,0.22%,112.70M,4.36%,35.50B,27.43,11.48,-12.73%,112.47M,27.17%,902.90M,3.69,2.65,83.56%,1.86%,10.76%,7.97B,4.45,0.73%,-2.35%,2.02,8.28%,30.51,10.32,17.39%,8.08%,2.09M,19.21%,4.05,77.85,10.75%,25.86%,215.00,314.94,10.20%,5.16 (1.64%),33.18,7.28%,14.27%,-0.00%,1.37,5.18 (1.64%),0.72,4.79%,39.08%,46.48%,7.68,"May 19, 2025",1.05,-22.50%,17.02%,75.06,1.26%,2.67%,27000,1.19,-11.19%,11.33%,2.19,324.00,Yes / Yes,0.84,-4.03%,60.38%,0.81,312.39,1.78%,16.91%,-5.79%,May 07 BMO,1.03M,314.93,7.08%,18.79%,14.97%,"

","845,422",0.81%,ROK,-0.1273
"TJX Companies, Inc",Consumer Cyclical,Apparel Retail,USA,NYSE,S&P 500,29.96,4.24,0.14%,1.12B,-3.02%,141.87B,25.63,4.96,-3.82%,1.11B,-0.75%,4.83B,3.53,1.01,91.88%,1.28%,2.90%,56.99B,2.49,5.23%,-1.39%,2.37,4.61%,7.50,16.95,10.58%,15.70%,14.32M,24.41%,3.81,33.34,8.48%,60.36%,101.01,135.85,5.18%,1.67 (1.31%),37.56,9.81%,24.27%,-6.46%,0.90,1.12 (0.89%),0.51,8.70%,30.43%,25.80%,2.60,"May 15, 2025",1.16,10.34%,10.92%,46.13,2.14%,1.41%,364000,1.54,3.79%,8.47%,1.62,144.67,Yes / Yes,1.34,-1.98%,35.22%,1.06,126.22,0.73%,0.56%,5.06%,May 21 BMO,6.04M,127.07,-2.12%,0.73%,4.80%,"

","6,410,908",0.67%,TJX,-0.0382
Huntington Ingalls Industries Inc,Industrials,Aerospace & Defense,USA,NYSE,S&P 500,16.12,13.87,0.87%,39.24M,0.13%,8.78B,13.39,16.70,-0.09%,38.90M,-2.90%,546.00M,1.42,3.24,95.95%,3.64%,28.35%,11.46B,0.77,3.93%,-0.48%,1.98,12.43%,121.64,1.84,15.12%,4.69%,1.42M,-12.69%,4.26,52.56,11.34%,12.27%,158.88,285.81,18.37%,4.55 (2.03%),-,1.03%,7.11%,-21.74%,0.28,5.35 (2.39%),0.99,5.40%,12.81%,40.79%,5.42,"May 30, 2025",1.07,-21.80%,4.20%,49.73,1.09%,1.18%,44000,0.71,-1.04%,4.76%,2.50,233.55,Yes / Yes,0.61,-2.12%,37.61%,1.49,225.60,-1.96%,29.91%,-2.53%,May 01 BMO,715.24K,223.68,-1.94%,3.15%,2.57%,"

","1,057,972",-0.85%,HII,-0.0009
Johnson & Johnson,Healthcare,Drug Manufacturers - General,USA,NYSE,"DJIA, S&P 500",17.07,9.00,0.14%,2.41B,0.26%,369.52B,13.83,11.10,-0.57%,2.40B,-1.49%,21.81B,2.89,2.68,73.52%,0.95%,-6.20%,89.33B,4.14,6.33%,0.03%,2.43,-1.02%,32.47,4.73,4.61%,11.93%,22.80M,4.50%,16.12,9.53,5.90%,29.45%,140.68,169.99,6.20%,5.14 (3.35%),18.14,0.55%,18.73%,-9.65%,0.40,5.02 (3.27%),1.03,2.03%,68.24%,9.17%,2.66,"May 27, 2025",1.26,29.21%,23.83%,49.92,0.53%,1.32%,138100,0.67,-0.37%,24.41%,2.20,170.84,Yes / Yes,0.49,238.80%,84.80%,0.72,152.43,1.55%,7.33%,2.39%,Apr 15 BMO,9.39M,153.58,0.34%,-1.17%,-1.94%,"

","6,810,982",0.75%,JNJ,-0.005699999999999999
Alphabet Inc,Communication Services,Internet Content & Information,USA,NASD,"NDX, S&P 500",19.29,8.97,58.22%,5.47B,1.71%,2091.53B,17.03,10.16,-0.01%,5.07B,6.73%,111.00B,1.49,2.16,27.09%,0.72%,1.62%,359.31B,5.82,18.97%,-3.16%,1.41,3.84%,28.41,6.09,6.21%,25.15%,36.57M,-1.91%,7.88,21.94,12.93%,34.79%,142.66,208.70,-9.18%,0.56 (0.32%),27.93,26.76%,30.02%,-17.13%,1.02,0.80 (0.46%),1.77,17.30%,58.54%,21.24%,5.24,"Jun 09, 2025",1.77,37.73%,32.60%,60.33,1.69%,2.46%,183323,0.08,13.02%,30.89%,1.42,199.56,Yes / Yes,0.07,48.77%,7.46%,0.81,173.38,1.15%,38.84%,11.81%,Apr 24 AMC,25.97M,172.96,4.57%,6.99%,0.11%,"

","21,233,590",-0.24%,GOOG,-0.0001
JD.com Inc ADR,Consumer Cyclical,Internet Retail,China,NASD,-,8.04,4.10,0.01%,1.29B,-2.11%,42.61B,6.87,4.79,0.00%,1.29B,0.18%,6.25B,1.06,1.04,22.52%,1.81%,-22.57%,166.20B,0.26,-1.52%,0.18%,1.55,-5.02%,25.35,1.30,12.84%,7.07%,23.44M,8.82%,21.69,1.52,7.60%,19.81%,24.13,47.82,-4.99%,0.90 (2.74%),-,25.28%,14.63%,-31.12%,0.50,1.00 (3.04%),0.90,15.00%,15.88%,36.51%,1.18,"Apr 08, 2025",1.26,91.39%,3.53%,43.20,3.29%,2.82%,570895,0.37,8.13%,3.76%,1.38,51.30,Yes / Yes,0.32,56.29%,26.23%,1.21,31.58,4.11%,18.31%,14.37%,May 13 BMO,15.11M,32.94,-3.05%,-8.77%,-9.79%,"

","18,270,986",4.31%,JD,0.0
Pfizer Inc,Healthcare,Drug Manufacturers - General,USA,NYSE,S&P 500,17.00,1.38,0.18%,5.68B,1.78%,133.32B,7.60,3.09,0.17%,5.67B,-1.43%,7.87B,-,0.57,67.07%,1.89%,-10.15%,62.46B,2.13,-3.48%,-0.19%,2.00,-8.58%,15.89,1.48,2.84%,3.67%,107.38M,-18.80%,3.05,7.70,-0.25%,8.62%,20.92,31.54,-11.61%,1.71 (7.27%),11.88,-13.25%,5.32%,-25.65%,0.53,1.70 (7.25%),0.96,17.19%,66.93%,12.12%,0.57,"May 09, 2025",1.26,2770.58%,27.53%,52.40,1.52%,2.15%,81000,0.69,13.38%,12.59%,2.38,28.11,Yes / Yes,0.64,-5.13%,119.94%,0.48,23.18,-1.47%,38.22%,-7.82%,Apr 29 BMO,53.76M,23.45,1.41%,-0.06%,-10.91%,"

","26,210,104",1.16%,PFE,0.0017000000000000001
TransUnion,Financial,Financial Data & Stock Exchanges,USA,NYSE,-,45.68,1.87,0.76%,195.10M,3.46%,16.64B,17.95,4.75,-1.81%,193.66M,3.46%,367.30M,3.39,0.99,99.96%,2.52%,-6.98%,4.26B,3.91,4.06%,1.22%,2.16,-13.97%,22.48,3.79,16.75%,3.34%,4.87M,11.78%,3.14,27.17,13.47%,8.68%,66.38,113.17,-8.01%,0.46 (0.54%),32.38,-4.38%,3.87%,-24.64%,1.64,0.44 (0.52%),2.05,10.01%,47.04%,28.47%,3.30,"May 22, 2025",2.05,288.03%,20.34%,50.33,2.48%,2.91%,13400,1.18,8.85%,8.63%,1.71,104.56,Yes / Yes,1.16,125.20%,29.05%,0.79,85.96,2.28%,7.38%,7.30%,Apr 24 BMO,2.25M,85.28,-1.88%,3.52%,-8.94%,"

","1,781,031",-0.79%,TRU,-0.0181
"Synopsys, Inc",Technology,Software - Infrastructure,USA,NASD,"NDX, S&P 500",32.77,13.89,0.70%,155.15M,-9.27%,70.60B,27.02,16.84,-4.24%,153.53M,-1.25%,2.17B,2.32,3.85,91.29%,3.19%,0.06%,6.21B,11.36,14.54%,2.58%,3.57,-19.48%,63.91,7.12,11.36%,7.77%,4.89M,-22.54%,91.95,4.95,14.13%,15.82%,365.74,624.80,-6.26%,-,65.04,33.29%,10.56%,-27.18%,1.11,-,6.85,12.88%,76.65%,24.40%,19.88,-,7.02,50.17%,22.71%,40.11,5.39%,2.89%,20000,1.08,0.30%,34.88%,1.33,599.89,Yes / Yes,1.07,19.32%,0.00%,3.26,462.43,0.26%,8.11%,10.12%,May 28 AMC,1.37M,454.99,-7.74%,-0.02%,-8.30%,"

","4,315,286",-1.61%,SNPS,-0.0424
Bristol-Myers Squibb Co,Healthcare,Drug Manufacturers - General,USA,NYSE,S&P 500,17.97,2.66,0.10%,2.04B,1.81%,97.38B,7.88,6.07,0.39%,2.03B,-2.78%,5.42B,0.25,1.68,81.48%,1.82%,-18.62%,47.64B,2.04,497.06%,1.85%,2.51,-18.72%,8.54,5.60,-11.56%,5.66%,37.01M,16.03%,5.79,8.27,72.95%,31.99%,39.35,63.33,-15.40%,2.49 (5.20%),7.44,-,8.35%,-24.44%,0.38,2.44 (5.10%),1.17,15.21%,59.16%,21.60%,1.34,"Apr 04, 2025",1.28,186.41%,22.93%,47.36,0.98%,2.48%,34100,2.95,4.62%,11.38%,2.64,55.79,Yes / Yes,2.73,120.45%,-,0.71,46.97,4.73%,20.43%,-5.60%,Apr 24 BMO,14.76M,47.85,0.96%,-7.12%,-11.66%,"

","10,491,798",1.87%,BMY,0.0039000000000000003
Deere & Co,Industrials,Farm & Heavy Construction Machinery,USA,NYSE,S&P 500,24.36,20.67,7.43%,270.83M,-2.18%,136.64B,22.73,22.15,-0.12%,251.26M,9.29%,5.65B,32.47,4.65,74.47%,1.74%,4.77%,45.57B,3.00,-26.56%,0.32%,3.13,12.72%,89.68,5.61,17.71%,5.33%,4.37M,34.27%,34.13,14.75,0.75%,24.07%,340.20,533.78,18.82%,6.03 (1.20%),31.54,20.35%,8.42%,-5.68%,1.10,6.18 (1.23%),0.52,6.91%,40.63%,47.99%,11.99,"Jun 30, 2025",0.73,-37.83%,22.72%,55.11,0.47%,1.70%,75800,2.74,-22.26%,12.40%,2.40,536.70,Yes / Yes,1.76,-22.17%,22.95%,0.71,507.99,3.55%,19.48%,-16.26%,May 15 BMO,1.40M,503.45,0.38%,5.64%,14.26%,"

","994,227",-0.89%,DE,-0.0012
Automatic Data Processing Inc,Technology,Software - Application,USA,NASD,"NDX, S&P 500",33.18,9.77,0.14%,406.30M,0.46%,131.57B,29.79,10.88,-11.84%,405.38M,9.59%,4.00B,3.78,2.23,82.43%,1.52%,4.12%,20.20B,6.51,8.67%,-0.67%,3.24,6.22%,14.41,22.49,9.07%,6.63%,6.15M,30.22%,6.60,49.08,8.77%,76.29%,231.27,327.99,10.72%,5.88 (1.81%),28.53,11.68%,43.84%,-1.18%,0.80,5.88 (1.81%),1.02,6.30%,50.30%,40.15%,5.12,"Jun 13, 2025",1.02,9.03%,26.25%,69.57,0.85%,0.75%,64000,0.75,6.82%,19.79%,2.79,315.25,Yes / Yes,0.56,6.38%,59.87%,0.48,324.14,1.12%,2.88%,5.69%,Apr 30 BMO,1.90M,324.12,3.27%,6.86%,9.86%,"

","921,705",-0.01%,ADP,-0.1184
Honeywell International Inc,Industrials,Conglomerates,USA,NASD,"DJIA, NDX, S&P 500",25.87,8.71,0.12%,642.68M,1.50%,144.73B,19.82,11.36,-3.61%,641.89M,6.48%,5.69B,3.34,2.64,80.07%,1.18%,6.09%,39.21B,3.69,5.47%,-4.56%,1.64,-1.71%,27.17,8.29,8.93%,8.08%,7.58M,12.77%,15.65,14.39,7.74%,33.56%,179.36,242.77,-0.31%,4.53 (2.01%),28.58,0.69%,12.89%,-7.24%,1.07,4.47 (1.98%),0.95,1.16%,38.25%,25.55%,4.18,"May 16, 2025",1.25,0.81%,20.32%,62.63,1.30%,1.32%,102000,1.95,6.30%,14.51%,2.11,239.11,Yes / Yes,1.53,-0.21%,50.20%,1.47,224.61,2.38%,13.61%,7.88%,Apr 29 BMO,4.62M,225.19,2.71%,7.46%,5.42%,"

","6,740,470",0.26%,HON,-0.0361
Transdigm Group Incorporated,Industrials,Aerospace & Defense,USA,NYSE,S&P 500,49.32,29.62,1.65%,56.22M,3.74%,82.04B,33.74,43.29,-27.12%,55.24M,3.75%,1.72B,3.71,9.84,95.78%,2.31%,8.24%,8.39B,9.78,10.04%,16.72%,4.25,15.90%,-100.86,-,15.73%,7.91%,1.28M,14.21%,43.19,33.82,13.28%,-,1114.14,1488.54,15.26%,-,43.16,13.11%,9.21%,-1.87%,1.05,-,2.12,9.33%,57.57%,31.10%,34.62,"Oct 04, 2024",3.09,17.50%,46.63%,61.51,0.87%,1.84%,16600,-,14.90%,20.50%,1.69,1544.43,Yes / Yes,-,18.25%,0.00%,0.82,1460.52,-0.81%,1.70%,12.20%,May 06 BMO,300.55K,1460.68,2.75%,5.95%,10.21%,"

","247,862",0.01%,TDG,-0.2712
Clorox Co,Consumer Defensive,Household & Personal Products,USA,NYSE,S&P 500,23.52,5.57,0.32%,123.25M,-0.67%,16.14B,19.20,6.82,-1.37%,122.85M,-7.23%,694.00M,4.16,2.20,83.07%,4.10%,-15.15%,7.02B,2.30,14.18%,-7.03%,3.10,-22.63%,0.22,597.96,-3.18%,12.26%,5.04M,-0.41%,1.83,71.44,5.66%,1176.27%,127.60,171.37,-19.35%,4.94 (3.77%),20.16,-18.70%,24.51%,-23.56%,0.53,4.88 (3.73%),0.44,2.83%,45.03%,2.66%,2.76,"Apr 23, 2025",0.74,189.29%,15.47%,38.38,0.44%,1.48%,8000,109.04,-2.64%,9.89%,3.19,143.69,Yes / Yes,103.89,465.21%,214.84%,0.75,130.16,-2.75%,-6.53%,-8.05%,May 05 AMC,1.62M,130.99,-2.78%,-5.87%,-15.02%,"

","1,222,407",0.64%,CLX,-0.0137
Autozone Inc,Consumer Cyclical,Auto Parts,USA,NYSE,S&P 500,24.75,149.09,0.42%,16.75M,-4.72%,61.72B,21.88,168.62,-15.63%,16.66M,-0.41%,2.61B,2.86,51.58,94.92%,1.41%,7.11%,18.67B,3.31,1.52%,-0.42%,1.59,19.04%,-266.18,-,13.65%,14.97%,0.24M,32.11%,19.71,187.20,8.65%,-,2728.97,3916.81,15.23%,-,30.65,18.71%,34.29%,-5.80%,0.40,-,0.13,9.34%,53.13%,35.20%,86.01,-,0.84,7.83%,20.06%,46.18,1.97%,1.42%,126000,-,4.72%,13.96%,1.45,4147.77,Yes / Yes,-,-2.06%,0.00%,0.91,3744.42,1.04%,-4.71%,2.41%,May 27 BMO,148.64K,3689.63,-1.67%,-0.20%,9.94%,"

","135,305",-1.46%,AZO,-0.1563
S&P Global Inc,Financial,Financial Data & Stock Exchanges,USA,NYSE,S&P 500,40.36,12.74,0.14%,313.61M,0.75%,157.67B,27.14,18.95,-5.96%,306.26M,4.54%,3.95B,3.88,4.14,88.93%,0.98%,-2.14%,14.49B,10.88,7.89%,-1.53%,2.19,-0.07%,106.41,4.83,11.85%,6.57%,3.01M,17.31%,4.79,107.33,10.39%,11.68%,419.49,545.39,3.23%,3.81 (0.74%),28.40,7.51%,8.73%,-5.74%,1.20,3.74 (0.73%),0.90,16.56%,61.35%,22.55%,9.37,"May 28, 2025",0.90,42.72%,41.03%,56.02,1.00%,1.03%,42350,0.36,12.98%,27.27%,1.39,584.86,Yes / Yes,0.36,12.24%,29.47%,0.47,511.48,2.13%,4.05%,8.19%,Apr 29 BMO,1.37M,514.10,0.38%,4.04%,1.67%,"

","650,127",0.51%,SPGI,-0.0596
"Ross Stores, Inc",Consumer Cyclical,Apparel Retail,USA,NASD,"NDX, S&P 500",21.96,6.33,2.19%,328.83M,-9.01%,45.68B,20.50,6.78,-0.62%,321.64M,-1.31%,2.08B,4.14,1.55,91.38%,1.59%,0.66%,21.26B,2.15,-1.84%,-0.76%,1.41,-4.90%,16.75,8.29,9.25%,14.46%,5.11M,-2.25%,11.56,12.02,5.30%,39.57%,122.36,163.60,-8.16%,1.63 (1.18%),28.44,6.55%,22.17%,-15.08%,1.15,1.51 (1.09%),0.95,8.12%,27.78%,13.54%,4.62,"Jun 10, 2025",1.55,6.60%,12.24%,42.11,5.67%,2.79%,107000,0.90,2.49%,9.79%,1.83,153.33,Yes / Yes,0.68,0.53%,23.27%,1.09,139.70,0.50%,1.83%,2.61%,May 22 AMC,3.61M,138.93,-4.71%,0.30%,-3.74%,"

","3,913,724",-0.55%,ROST,-0.0062
Sysco Corp,Consumer Defensive,Food Distribution,USA,NYSE,S&P 500,18.64,3.87,0.30%,484.75M,-0.22%,34.94B,15.47,4.66,-5.01%,483.27M,2.61%,1.91B,3.22,1.39,88.99%,3.30%,-3.55%,80.79B,0.43,1.48%,-1.18%,4.77,-4.91%,3.96,18.18,6.54%,7.48%,15.95M,-1.21%,3.15,22.88,5.79%,94.91%,67.12,82.23,-5.74%,2.06 (2.86%),16.64,3.96%,12.59%,-12.36%,0.81,2.04 (2.83%),0.76,6.65%,18.23%,7.37%,1.35,"Jul 03, 2025",1.26,-5.79%,4.23%,51.25,1.08%,1.18%,76000,7.60,3.55%,2.36%,2.05,79.86,Yes / Yes,6.89,-3.14%,51.73%,0.77,71.51,-2.20%,-6.13%,1.13%,Apr 29 BMO,3.34M,72.07,0.70%,0.41%,-3.43%,"

","2,588,946",0.78%,SYY,-0.0501
JPMorgan Chase & Co,Financial,Banks - Diversified,USA,NYSE,"DJIA, S&P 500",12.98,20.37,0.38%,2.78B,1.28%,734.71B,13.48,19.61,-10.53%,2.77B,8.07%,58.24B,2.51,4.43,73.85%,1.10%,2.05%,284.94B,2.58,1.67%,0.90%,2.68,6.36%,119.24,2.22,5.85%,1.41%,30.54M,31.72%,-,-,5.16%,17.25%,190.88,280.25,10.29%,5.69 (2.15%),27.24,12.99%,7.35%,-5.67%,1.08,5.05 (1.91%),-,16.83%,-,38.50%,5.47,"Jul 03, 2025",1.21,23.05%,28.48%,62.47,1.02%,1.15%,317233,2.96,12.41%,20.44%,2.07,272.23,Yes / Yes,1.25,14.09%,24.30%,0.44,263.49,2.99%,9.43%,3.37%,Apr 11 BMO,11.40M,264.37,1.94%,7.41%,10.71%,"

","5,081,992",0.33%,JPM,-0.10529999999999999
State Street Corp,Financial,Asset Management,USA,NYSE,S&P 500,10.90,8.90,0.61%,288.68M,1.58%,27.67B,9.30,10.44,-3.83%,283.44M,9.61%,2.66B,1.05,2.39,92.40%,1.47%,-0.49%,21.32B,1.30,8.83%,0.27%,1.88,-0.47%,80.13,1.21,10.22%,0.81%,4.16M,28.72%,-,-,10.37%,11.21%,70.20,103.00,-1.13%,3.13 (3.22%),11.92,8.85%,5.17%,-5.79%,1.47,2.97 (3.06%),-,12.41%,-,38.23%,2.20,"Jul 01, 2025",3.80,66.71%,17.01%,63.67,0.86%,1.17%,52626,1.51,15.02%,12.49%,2.06,104.64,Yes / Yes,0.93,49.27%,35.30%,0.56,96.85,-1.10%,1.97%,2.90%,Apr 17 BMO,2.22M,97.04,1.97%,8.66%,5.50%,"

","1,389,717",0.20%,STT,-0.0383
Zimmer Biomet Holdings Inc,Healthcare,Medical Devices,USA,NYSE,S&P 500,20.69,4.51,0.14%,197.90M,0.65%,18.47B,11.24,8.30,-0.52%,197.57M,-9.19%,913.30M,5.01,1.98,95.02%,3.01%,-10.29%,7.70B,2.40,-0.42%,0.76%,2.54,-15.31%,62.63,1.49,4.20%,4.19%,5.95M,-19.82%,7.00,13.34,4.13%,7.31%,89.92,116.86,-11.63%,0.89 (0.95%),14.86,-4.13%,4.81%,-20.13%,0.73,0.96 (1.03%),1.46,-0.55%,62.31%,3.80%,2.65,"Mar 31, 2025",2.44,-2.39%,18.72%,41.75,1.70%,3.21%,17000,0.58,3.30%,11.86%,2.47,106.80,Yes / Yes,0.53,9.01%,21.66%,0.70,92.29,0.73%,2.22%,1.05%,May 05 BMO,2.34M,93.34,-1.96%,-7.91%,-11.84%,"

","1,650,464",1.14%,ZBH,-0.0052
RELX Plc ADR,Industrials,Specialty Business Services,United Kingdom,NYSE,-,40.96,1.32,0.00%,1.86B,-2.12%,99.08B,27.98,1.93,-,1.84B,0.26%,2.47B,3.49,0.83,4.42%,0.09%,13.27%,12.06B,8.22,15.47%,-0.93%,2.07,15.36%,2.35,22.96,10.99%,13.01%,1.63M,20.68%,0.08,664.77,11.74%,56.34%,43.28,56.33,18.74%,0.89 (1.65%),29.24,6.04%,22.91%,-4.26%,0.84,0.80 (1.48%),0.47,3.95%,62.28%,24.61%,0.90,"May 09, 2025",0.52,13.13%,30.60%,50.97,1.34%,1.36%,36400,1.88,5.86%,20.49%,2.00,59.45,Yes / Yes,1.47,9.34%,60.24%,1.40,55.05,-,-,5.91%,Feb 13 BMO,789.05K,53.93,-0.86%,3.39%,10.83%,"

","1,096,618",-2.03%,RELX,
Guidewire Software Inc,Technology,Software - Application,USA,NYSE,-,-,-0.21,0.78%,83.88M,0.23%,17.73B,79.27,2.67,-11.93%,83.23M,3.11%,-16.86M,-,0.46,103.60%,4.63%,6.33%,1.08B,16.34,46.18%,3.81%,4.53,4.19%,15.13,13.97,35.09%,-0.74%,3.85M,74.76%,13.95,15.15,38.47%,-1.34%,107.65,219.59,25.35%,-,86.47,-,-0.85%,-3.77%,1.15,-,2.62,6.47%,61.43%,96.30%,5.03,-,2.62,67.81%,0.01%,57.15,0.80%,0.94%,3469,0.70,17.16%,-1.55%,2.00,220.33,Yes / Yes,0.56,-482.89%,-,0.85,208.74,1.39%,-1.37%,20.17%,Jun 03 AMC,850.77K,211.32,-0.33%,5.91%,12.88%,"

","729,737",1.24%,GWRE,-0.1193
Merck & Co Inc,Healthcare,Drug Manufacturers - General,USA,NYSE,"DJIA, S&P 500",11.12,6.87,0.07%,2.52B,-0.75%,191.84B,7.86,9.72,-0.19%,2.51B,-9.81%,17.43B,0.95,2.06,80.25%,1.64%,-15.65%,63.78B,3.01,16.40%,-0.49%,2.50,-22.97%,19.21,3.98,9.16%,15.78%,41.27M,-41.00%,3.72,20.56,11.66%,39.31%,73.31,134.63,-23.20%,3.14 (4.11%),11.26,12.04%,21.31%,-43.25%,0.40,3.16 (4.14%),1.16,7.14%,74.68%,4.21%,2.20,"Jun 16, 2025",1.41,654.93%,34.71%,42.74,0.96%,2.51%,75000,0.72,4.40%,27.33%,1.88,102.10,Yes / Yes,0.69,7.20%,46.32%,0.65,76.17,1.24%,4.09%,-1.20%,Apr 24 BMO,16.48M,76.40,-2.06%,-6.39%,-21.71%,"

","10,787,284",0.30%,MRK,-0.0019
Howmet Aerospace Inc,Industrials,Aerospace & Defense,USA,NYSE,S&P 500,55.46,3.07,1.01%,404.00M,4.50%,68.66B,41.12,4.14,-17.05%,399.59M,23.70%,1.25B,2.53,0.87,94.33%,2.90%,27.48%,7.55B,9.10,29.73%,0.59%,3.82,43.61%,11.73,14.51,18.53%,11.86%,11.59M,100.77%,1.33,127.86,21.92%,28.29%,76.83,171.51,55.52%,0.41 (0.24%),67.58,22.24%,15.24%,-0.83%,1.44,0.36 (0.21%),1.07,2.34%,28.64%,121.38%,4.31,"May 09, 2025",2.30,47.87%,23.68%,77.74,1.26%,1.78%,23930,0.73,10.01%,16.61%,1.61,169.36,Yes / Yes,0.72,43.48%,9.25%,1.09,170.32,0.04%,10.85%,6.47%,May 01 BMO,3.03M,170.09,5.80%,20.20%,42.53%,"

","3,286,005",-0.14%,HWM,-0.1705
Motorola Solutions Inc,Technology,Communication Equipment,USA,NYSE,S&P 500,34.91,11.99,0.45%,166.90M,-1.88%,69.84B,26.32,15.90,-0.17%,166.16M,-3.98%,2.05B,4.53,3.36,87.86%,1.25%,-2.59%,10.96B,6.37,6.29%,-0.77%,2.26,-16.46%,9.83,42.56,8.07%,14.73%,2.08M,14.76%,9.37,44.66,7.71%,189.18%,356.77,507.82,-9.48%,4.05 (0.97%),30.75,13.31%,26.47%,-17.60%,0.97,4.14 (0.99%),1.02,6.73%,50.16%,17.28%,8.70,"Jun 13, 2025",1.18,46.78%,25.30%,47.72,0.50%,2.01%,21000,3.98,7.45%,18.67%,1.79,503.14,Yes / Yes,3.71,1179.91%,43.65%,0.94,420.83,0.50%,5.63%,5.82%,May 01 AMC,921.12K,418.43,0.08%,-0.88%,-6.61%,"

","864,532",-0.57%,MSI,-0.0017000000000000001
Abbvie Inc,Healthcare,Drug Manufacturers - General,USA,NYSE,S&P 500,79.15,2.35,0.09%,1.77B,2.10%,327.88B,13.26,13.99,-15.01%,1.76B,-4.08%,4.16B,5.20,3.22,74.12%,1.13%,-9.46%,57.37B,5.72,20.82%,0.31%,2.51,4.90%,0.80,230.88,14.45%,2.92%,19.93M,18.18%,2.93,63.35,15.22%,88.15%,153.58,218.66,4.46%,6.51 (3.51%),21.31,-14.67%,6.30%,-15.11%,0.49,6.38 (3.44%),0.64,12.19%,70.80%,20.86%,5.10,"Apr 15, 2025",0.76,-30.21%,30.74%,49.67,1.31%,2.20%,55000,49.22,5.45%,7.24%,1.90,213.83,Yes / Yes,45.44,-6.05%,263.15%,0.62,183.09,3.22%,3.39%,8.39%,Apr 25 BMO,7.95M,185.62,-0.39%,-1.80%,-1.88%,"

","4,926,034",1.38%,ABBV,-0.1501
Nordson Corp,Industrials,Specialty Industrial Machinery,USA,NASD,S&P 500,26.88,7.77,9.30%,56.91M,6.36%,11.89B,19.18,10.90,-0.04%,51.62M,10.71%,446.55M,4.07,2.62,76.64%,2.79%,-0.25%,2.70B,4.40,2.92%,1.25%,3.86,-20.02%,50.55,4.13,8.83%,7.95%,1.44M,-12.18%,2.29,91.37,6.60%,15.54%,165.03,266.86,-0.13%,3.15 (1.51%),25.88,6.97%,8.79%,-21.69%,0.89,3.02 (1.45%),1.64,4.30%,54.78%,26.63%,5.97,"Mar 20, 2025",2.56,-7.66%,24.24%,63.31,3.69%,2.30%,8000,0.75,1.98%,16.51%,1.90,248.88,Yes / Yes,0.72,-3.88%,34.77%,2.49,195.74,1.64%,2.59%,4.96%,May 28 AMC,373.44K,208.97,5.89%,8.03%,-7.36%,"

","908,550",6.76%,NDSN,-0.0004
"Illinois Tool Works, Inc",Industrials,Specialty Industrial Machinery,USA,NYSE,S&P 500,21.63,11.36,0.36%,293.00M,0.44%,72.00B,22.34,11.00,-18.08%,291.94M,1.65%,3.37B,720.99,2.55,83.94%,2.59%,-5.90%,15.76B,4.57,-12.53%,-0.95%,6.01,-10.30%,11.06,22.22,7.40%,21.65%,7.57M,2.36%,2.98,82.47,0.03%,107.62%,214.66,279.13,-3.09%,6.03 (2.45%),25.30,8.63%,32.02%,-11.97%,1.12,5.90 (2.40%),1.16,2.82%,43.09%,14.47%,5.00,"Jun 30, 2025",1.60,12.04%,25.93%,51.95,1.55%,1.29%,44000,2.55,-1.85%,21.37%,3.09,250.62,Yes / Yes,2.25,-12.93%,49.52%,0.56,243.83,-0.10%,1.67%,-3.37%,Apr 30 BMO,1.26M,245.73,0.27%,1.50%,-3.56%,"

","714,545",0.78%,ITW,-0.1808
Descartes Systems Group Inc,Technology,Software - Application,Canada,NASD,-,69.29,1.64,0.41%,85.61M,0.19%,9.71B,50.36,2.26,0.00%,85.04M,7.30%,143.27M,4.61,0.44,80.39%,1.26%,3.09%,651.00M,14.91,16.93%,-2.48%,3.34,-2.07%,16.18,7.03,17.70%,9.18%,1.07M,13.42%,2.77,41.11,15.02%,10.92%,89.00,124.31,0.07%,-,47.09,29.35%,10.31%,-8.55%,0.86,-,1.62,14.96%,64.98%,27.73%,2.49,-,1.62,23.07%,27.86%,58.98,1.68%,1.58%,-,0.01,13.63%,22.01%,1.80,122.73,Yes / Yes,0.00,16.49%,0.00%,0.77,114.40,-1.47%,0.47%,12.98%,Jun 04 AMC,320.07K,113.68,1.91%,7.50%,5.11%,"

","247,272",-0.63%,DSGX,0.0
Salesforce Inc,Technology,Software - Application,USA,NYSE,"DJIA, S&P 500",41.75,6.39,2.59%,958.00M,-5.44%,256.10B,21.08,12.66,-6.23%,934.59M,-0.31%,6.21B,3.35,2.78,82.77%,1.43%,-9.49%,38.59B,6.64,10.75%,-0.07%,1.88,-21.96%,63.33,4.22,12.09%,6.37%,13.38M,-1.97%,18.14,14.71,12.47%,10.31%,212.00,369.00,-20.16%,0.83 (0.31%),20.25,112.11%,8.64%,-27.66%,1.38,1.62 (0.61%),0.99,17.44%,70.84%,25.91%,8.14,"Apr 10, 2025",0.99,14.85%,20.54%,41.21,2.47%,1.88%,76453,0.20,7.97%,16.08%,1.55,355.04,Yes / Yes,0.18,2.08%,25.15%,4.14,276.03,0.75%,1.22%,7.62%,May 28 AMC,7.11M,266.92,-4.83%,-1.09%,-9.72%,"

","28,074,954",-3.30%,CRM,-0.0623
Shopify Inc,Technology,Software - Application,Canada,NASD,NDX,86.85,1.24,6.39%,1.22B,5.26%,139.73B,60.04,1.79,0.00%,1.21B,8.88%,1.61B,3.51,0.29,66.39%,1.54%,-2.82%,9.38B,14.90,10.95%,0.97%,1.37,0.69%,8.52,12.64,28.30%,13.14%,18.71M,89.05%,4.25,25.34,24.73%,16.15%,48.56,129.38,1.29%,0.83 (0.77%),82.41,-,14.31%,-16.76%,2.64,-,3.71,43.27%,49.87%,121.79%,4.86,-,3.71,857.29%,15.53%,58.86,2.85%,3.79%,8100,0.10,26.52%,17.17%,1.80,113.27,Yes / Yes,0.02,-148.23%,0.00%,0.48,107.11,1.12%,-2.07%,26.81%,May 08 BMO,13.64M,107.70,4.70%,11.41%,11.80%,"

","6,642,102",0.55%,SHOP,0.0
Bank Of New York Mellon Corp,Financial,Banks - Diversified,USA,NYSE,S&P 500,14.52,6.14,0.29%,715.43M,0.19%,63.72B,11.72,7.60,-4.65%,713.34M,11.28%,4.53B,1.14,1.74,88.56%,1.13%,2.51%,39.92B,1.60,16.89%,-1.36%,1.86,11.14%,52.82,1.69,12.13%,1.08%,8.09M,50.74%,-,-,12.77%,11.29%,57.18,90.62,15.93%,1.95 (2.19%),27.84,5.14%,6.13%,-1.72%,1.08,1.88 (2.11%),-,17.60%,-,55.77%,1.74,"Apr 21, 2025",1.91,49.77%,14.48%,63.76,1.19%,0.91%,51800,1.64,10.30%,11.35%,1.89,94.00,Yes / Yes,0.72,26.35%,30.71%,0.87,88.80,0.59%,4.99%,1.93%,Apr 11 BMO,4.35M,89.07,2.28%,7.74%,13.11%,"

","3,767,714",0.30%,BK,-0.04650000000000001
New York Times Co,Communication Services,Publishing,USA,NYSE,-,30.81,1.83,2.22%,162.54M,3.12%,9.21B,24.21,2.33,-1.08%,159.43M,9.45%,302.96M,3.33,0.51,94.25%,5.41%,18.00%,2.63B,3.51,7.10%,-0.51%,4.89,4.32%,11.54,4.90,8.40%,11.31%,8.63M,13.25%,3.20,17.65,9.24%,16.68%,44.83,58.16,8.55%,0.69 (1.22%),21.70,16.23%,16.07%,-2.85%,1.12,0.57 (1.01%),1.44,7.54%,46.31%,26.03%,0.97,"Apr 01, 2025",1.44,21.26%,14.45%,75.63,0.89%,0.83%,5900,0.00,6.85%,11.53%,2.00,57.78,Yes / Yes,0.00,24.02%,29.34%,1.49,55.44,0.13%,20.02%,7.05%,May 07 BMO,1.76M,56.50,4.01%,10.31%,7.26%,"

","2,603,816",1.91%,NYT,-0.0108
Broadcom Inc,Technology,Semiconductors,USA,NASD,"NDX, S&P 500",116.71,2.07,1.99%,4.70B,5.33%,1137.73B,30.92,7.83,-0.97%,4.61B,26.57%,10.07B,5.08,1.57,77.39%,1.20%,22.33%,54.53B,20.86,35.93%,-0.54%,1.86,47.34%,14.84,16.30,18.22%,6.06%,55.26M,71.87%,1.98,122.24,22.97%,14.85%,128.50,251.88,4.37%,2.37 (0.98%),54.87,13.91%,7.71%,-3.93%,1.12,2.23 (0.92%),0.91,18.69%,59.59%,88.30%,7.90,"Mar 20, 2025",1.00,-22.79%,34.82%,75.12,1.56%,2.04%,37000,0.95,40.30%,18.47%,1.41,247.33,Yes / Yes,0.87,301.09%,170.61%,0.70,239.43,2.05%,6.12%,24.71%,Jun 05 AMC,29.64M,241.97,9.04%,24.14%,26.33%,"

","20,768,032",1.06%,AVGO,-0.0097
Lockheed Martin Corp,Industrials,Aerospace & Defense,USA,NYSE,S&P 500,20.46,23.15,0.08%,234.30M,0.73%,110.98B,15.81,29.95,-4.44%,234.11M,-0.46%,5.50B,1.57,6.65,74.52%,1.02%,6.10%,71.81B,1.55,22.83%,-0.66%,1.49,-12.64%,28.68,16.52,9.31%,9.86%,2.39M,1.36%,7.70,61.55,13.00%,82.55%,418.88,618.95,-2.52%,13.36 (2.82%),22.26,0.32%,21.71%,-23.47%,0.28,12.90 (2.72%),0.91,3.56%,10.23%,13.08%,10.16,"Jun 02, 2025",1.08,-15.29%,10.23%,53.68,1.36%,1.40%,121000,3.04,3.12%,7.66%,2.35,521.00,Yes / Yes,2.79,13.78%,57.16%,0.53,469.98,1.04%,14.88%,4.47%,Apr 22 BMO,1.60M,473.69,0.74%,2.34%,-6.64%,"

","851,603",0.79%,LMT,-0.0444
"Waste Management, Inc",Industrials,Waste Management,USA,NYSE,S&P 500,35.86,6.63,0.24%,402.37M,1.56%,95.68B,27.64,8.60,-15.94%,401.45M,3.92%,2.67B,3.64,1.90,82.92%,0.79%,3.55%,22.92B,4.17,5.74%,-0.57%,1.75,5.95%,21.50,11.06,12.53%,6.93%,3.18M,13.86%,0.65,367.99,9.85%,34.01%,196.59,239.32,17.83%,3.27 (1.38%),52.08,11.75%,8.48%,-0.65%,0.66,3.08 (1.29%),0.79,7.57%,28.89%,20.94%,3.81,"Jun 06, 2025",0.83,8.38%,18.16%,61.61,0.77%,1.13%,61700,2.76,10.77%,11.67%,2.07,253.16,Yes / Yes,2.65,-10.12%,44.07%,0.69,237.15,-1.47%,5.31%,16.65%,Apr 28 AMC,1.82M,237.76,2.29%,3.34%,8.71%,"

","1,257,459",0.26%,WM,-0.1594
Eaton Corporation plc,Industrials,Specialty Industrial Machinery,Ireland,NYSE,S&P 500,32.79,9.91,0.23%,391.30M,0.77%,127.10B,23.98,13.55,-18.45%,390.40M,11.74%,3.94B,2.80,2.93,84.43%,2.07%,11.86%,25.31B,5.02,11.25%,-0.86%,2.44,-13.94%,47.29,6.87,12.75%,10.13%,8.07M,-4.72%,4.96,65.55,11.70%,20.84%,231.85,379.99,-2.13%,3.99 (1.23%),38.31,12.57%,14.70%,-14.52%,1.15,3.96 (1.22%),0.84,3.63%,38.43%,40.09%,8.87,"May 05, 2025",1.31,16.84%,19.80%,62.74,1.30%,1.44%,94000,0.58,7.00%,15.55%,1.97,347.86,Yes / Yes,0.45,19.89%,39.58%,0.48,325.67,2.02%,0.53%,7.30%,May 02 BMO,3.32M,324.81,2.21%,10.46%,1.63%,"

","1,618,185",-0.26%,ETN,-0.1845
Verisign Inc,Technology,Software - Infrastructure,USA,NASD,S&P 500,32.84,8.18,1.01%,94.10M,-4.41%,25.23B,28.54,9.41,91.14%,92.95M,-3.48%,790.90M,3.02,2.20,96.04%,2.19%,14.32%,1.58B,16.01,9.82%,-0.89%,2.18,48.63%,-21.01,-,7.15%,49.81%,2.04M,56.97%,6.91,38.90,10.88%,-,168.79,288.95,29.82%,2.30 (0.85%),27.83,9.22%,-,-7.02%,0.76,0.77 (0.29%),0.56,4.82%,87.83%,59.18%,5.74,"May 19, 2025",0.56,0.54%,67.95%,44.60,1.70%,1.20%,932,-,4.12%,50.20%,2.86,308.00,Yes / Yes,-,9.28%,0.00%,0.77,269.14,0.09%,-0.30%,4.68%,Apr 24 AMC,937.30K,268.68,-3.97%,2.34%,25.12%,"

","720,281",-0.17%,VRSN,0.9114
Analog Devices Inc,Technology,Semiconductors,USA,NASD,"NDX, S&P 500",58.73,3.67,0.29%,496.25M,-2.91%,107.07B,24.15,8.93,-7.54%,494.79M,11.98%,1.83B,3.35,1.93,89.41%,1.74%,-3.62%,9.82B,10.90,15.90%,-0.82%,1.96,0.54%,70.55,3.06,20.82%,3.81%,8.58M,-7.21%,4.79,45.06,17.51%,5.21%,158.65,247.10,1.55%,3.91 (1.81%),32.51,-2.10%,4.40%,-12.69%,1.01,3.75 (1.74%),1.51,13.47%,51.10%,35.99%,6.68,"Jun 04, 2025",2.08,-14.16%,23.48%,56.22,1.74%,2.35%,24000,0.21,-6.17%,18.65%,1.91,245.30,Yes / Yes,0.19,88.68%,110.40%,0.87,215.62,5.05%,9.05%,22.28%,May 22 BMO,4.37M,215.75,1.09%,7.97%,0.12%,"

","3,800,393",0.06%,ADI,-0.0754
Verisk Analytics Inc,Industrials,Consulting Services,USA,NASD,"NDX, S&P 500",46.03,6.83,0.26%,139.96M,0.64%,43.97B,39.88,7.88,-4.72%,139.52M,7.51%,970.90M,4.73,1.77,93.39%,2.06%,8.35%,2.93B,15.00,6.25%,-0.93%,3.13,8.11%,0.88,357.65,11.73%,20.04%,2.87M,24.94%,7.96,39.50,9.73%,475.86%,245.01,317.81,14.12%,1.61 (0.51%),44.23,19.95%,27.65%,-1.10%,0.88,1.62 (0.52%),1.27,2.30%,58.46%,28.29%,5.47,"Jun 13, 2025",1.27,27.36%,43.59%,62.66,0.54%,1.31%,7800,32.00,7.20%,33.13%,2.45,315.38,Yes / Yes,27.55,8.06%,23.26%,0.84,315.96,0.42%,2.80%,6.96%,May 07 BMO,917.91K,314.32,2.31%,5.72%,10.77%,"

","774,120",-0.52%,VRSK,-0.0472
Procter & Gamble Co,Consumer Defensive,Household & Personal Products,USA,NYSE,"DJIA, S&P 500",26.77,6.30,0.07%,2.34B,1.89%,395.20B,24.07,7.00,-11.00%,2.34B,3.88%,15.21B,6.55,1.42,69.76%,0.84%,-1.98%,83.93B,4.71,2.83%,-0.04%,2.28,-4.38%,21.96,7.68,3.34%,12.78%,19.62M,1.95%,3.89,43.35,4.09%,30.29%,156.58,180.43,0.54%,4.01 (2.38%),26.30,33.28%,19.87%,-6.58%,0.43,4.08 (2.42%),0.50,4.44%,51.40%,7.65%,2.82,"Apr 21, 2025",0.71,2.74%,23.39%,61.78,0.58%,1.05%,108000,0.65,-0.16%,18.12%,1.81,173.81,Yes / Yes,0.46,1.30%,63.61%,0.56,167.36,-1.88%,1.32%,-2.07%,Apr 24 BMO,8.60M,168.56,3.80%,2.51%,0.06%,"

","4,842,554",0.72%,PG,-0.11
Unilever plc ADR,Consumer Defensive,Household & Personal Products,United Kingdom,NYSE,-,25.66,2.48,0.01%,2.50B,0.17%,158.79B,17.67,3.60,0.00%,2.50B,0.68%,6.21B,3.58,-,8.82%,0.11%,12.57%,65.72B,2.42,9.46%,-1.82%,0.99,8.46%,8.36,7.60,5.71%,7.50%,2.70M,16.51%,3.10,20.54,7.16%,30.53%,53.50,65.87,12.12%,2.08 (3.27%),19.85,0.71%,13.50%,-3.49%,0.42,1.94 (3.05%),0.56,2.50%,-,18.82%,0.84,"May 16, 2025",0.76,-10.59%,18.40%,57.09,0.62%,1.04%,120040,1.53,1.99%,9.45%,2.29,65.62,Yes / Yes,1.22,-29.68%,74.45%,0.78,63.30,-2.21%,10.26%,1.69%,Feb 13 BMO,2.73M,63.57,1.20%,3.06%,5.29%,"

","2,144,575",0.43%,UL,0.0
Airbnb Inc,Consumer Cyclical,Travel Services,USA,NASD,"NDX, S&P 500",32.30,3.97,32.97%,433.00M,0.66%,80.41B,26.58,4.83,-1.91%,413.74M,2.29%,2.54B,2.91,0.93,54.88%,3.77%,-7.95%,11.23B,7.16,1.48%,1.19%,2.66,-6.54%,12.82,10.01,15.77%,10.24%,15.59M,-11.15%,18.41,6.97,11.11%,32.06%,99.88,163.93,-2.32%,-,18.46,-,31.10%,-21.70%,1.14,-,1.27,23.57%,71.47%,28.51%,3.99,-,1.27,-47.83%,22.17%,50.93,1.32%,2.14%,7300,0.29,9.68%,22.60%,2.73,135.53,Yes / Yes,0.03,-39.49%,0.00%,0.79,128.67,0.48%,2.78%,6.07%,May 01 AMC,5.86M,128.36,-1.03%,4.05%,-0.82%,"

","4,681,055",-0.24%,ABNB,-0.0191
Adobe Inc,Technology,Software - Application,USA,NASD,"NDX, S&P 500",27.22,15.18,0.35%,435.00M,-0.16%,176.17B,18.09,22.85,-0.17%,424.72M,11.42%,6.75B,2.37,4.97,83.51%,2.30%,-5.45%,22.04B,7.99,10.66%,-1.57%,2.56,-19.29%,30.10,13.73,12.08%,23.00%,9.76M,-13.06%,17.44,23.70,11.51%,47.28%,332.01,587.75,-7.04%,-,19.17,15.54%,34.47%,-29.67%,1.55,-,1.18,14.19%,88.39%,24.50%,8.41,"Mar 24, 2005",1.18,28.41%,36.64%,65.04,1.22%,1.19%,30709,0.50,10.65%,30.63%,1.81,482.39,Yes / Yes,0.50,204.11%,0.00%,0.46,412.23,0.93%,2.15%,10.27%,Jun 12 AMC,3.82M,413.36,3.35%,8.54%,-10.26%,"

","1,781,393",0.27%,ADBE,-0.0017000000000000001
